%YAML 1.1
%TAG !u! tag:unity3d.com,2011:
--- !u!114 &-9211224884790991363
MonoBehaviour:
  m_ObjectHideFlags: 0
  m_CorrespondingSourceObject: {fileID: 0}
  m_PrefabInstance: {fileID: 0}
  m_PrefabAsset: {fileID: 0}
  m_GameObject: {fileID: 0}
  m_Enabled: 1
  m_EditorHideFlags: 0
  m_Script: {fileID: 11500000, guid: ceb653cd98e289a4e8697a1af55201f2, type: 3}
  m_Name: event:/dialStar
  m_EditorClassIdentifier: 
  Path: event:/dialStar
  guid: c41182781403424f9a6dfe1415604709
  Banks:
  - {fileID: -8966136619389791873}
  IsStream: 0
  Is3D: 0
  IsOneShot: 1
  Parameters: []
  MinDistance: 0
  MaxDistance: 0
  Length: 363
--- !u!114 &-8966136619389791873
MonoBehaviour:
  m_ObjectHideFlags: 0
  m_CorrespondingSourceObject: {fileID: 0}
  m_PrefabInstance: {fileID: 0}
  m_PrefabAsset: {fileID: 0}
  m_GameObject: {fileID: 0}
  m_Enabled: 1
  m_EditorHideFlags: 0
  m_Script: {fileID: 11500000, guid: c18180ecb35941f4682ae60107b85b7c, type: 3}
  m_Name: bank:/Master.bank
  m_EditorClassIdentifier: 
  Path: Assets/FMODBanks/Desktop/Master.bank
  SubDir: 
  lastModified: 637477018163718794
  LoadResult: 0
  FileSizes: []
  Exists: 1
--- !u!114 &-8652343153992677398
MonoBehaviour:
  m_ObjectHideFlags: 0
  m_CorrespondingSourceObject: {fileID: 0}
  m_PrefabInstance: {fileID: 0}
  m_PrefabAsset: {fileID: 0}
  m_GameObject: {fileID: 0}
  m_Enabled: 1
  m_EditorHideFlags: 0
  m_Script: {fileID: 11500000, guid: ceb653cd98e289a4e8697a1af55201f2, type: 3}
  m_Name: event:/mainCharacterMOI
  m_EditorClassIdentifier: 
  Path: event:/mainCharacterMOI
  guid: aafb6850aa7d3049a1b2cfadde20de7d
  Banks:
  - {fileID: -8966136619389791873}
  IsStream: 0
  Is3D: 0
  IsOneShot: 1
  Parameters: []
  MinDistance: 0
  MaxDistance: 0
  Length: 1751
--- !u!114 &-8553189835287784822
MonoBehaviour:
  m_ObjectHideFlags: 0
  m_CorrespondingSourceObject: {fileID: 0}
  m_PrefabInstance: {fileID: 0}
  m_PrefabAsset: {fileID: 0}
  m_GameObject: {fileID: 0}
  m_Enabled: 1
  m_EditorHideFlags: 0
  m_Script: {fileID: 11500000, guid: c18180ecb35941f4682ae60107b85b7c, type: 3}
  m_Name: bank:/Master.strings.bank
  m_EditorClassIdentifier: 
  Path: Assets/FMODBanks/Desktop/Master.strings.bank
  SubDir: 
  lastModified: 637477018163808553
  LoadResult: 0
  FileSizes:
  - Name: 
    Value: 3006
  Exists: 1
--- !u!114 &-8192742507379760872
MonoBehaviour:
  m_ObjectHideFlags: 0
  m_CorrespondingSourceObject: {fileID: 0}
  m_PrefabInstance: {fileID: 0}
  m_PrefabAsset: {fileID: 0}
  m_GameObject: {fileID: 0}
  m_Enabled: 1
  m_EditorHideFlags: 0
  m_Script: {fileID: 11500000, guid: ceb653cd98e289a4e8697a1af55201f2, type: 3}
  m_Name: event:/mainCharacterIdleMumbling
  m_EditorClassIdentifier: 
  Path: event:/mainCharacterIdleMumbling
  guid: e336fe77278a374e865925727d80e4f0
  Banks:
  - {fileID: -8966136619389791873}
  IsStream: 0
  Is3D: 0
  IsOneShot: 1
  Parameters: []
  MinDistance: 0
  MaxDistance: 0
  Length: 4380
--- !u!114 &-8078761989459026430
MonoBehaviour:
  m_ObjectHideFlags: 0
  m_CorrespondingSourceObject: {fileID: 0}
  m_PrefabInstance: {fileID: 0}
  m_PrefabAsset: {fileID: 0}
  m_GameObject: {fileID: 0}
  m_Enabled: 1
  m_EditorHideFlags: 0
  m_Script: {fileID: 11500000, guid: ceb653cd98e289a4e8697a1af55201f2, type: 3}
  m_Name: event:/NPCMaleBLABLA
  m_EditorClassIdentifier: 
  Path: event:/NPCMaleBLABLA
  guid: 832dd2b65e1a14418e3823869ec6c9f5
  Banks:
  - {fileID: -8966136619389791873}
  IsStream: 0
  Is3D: 0
  IsOneShot: 1
  Parameters: []
  MinDistance: 0
  MaxDistance: 0
  Length: 1466
--- !u!114 &-7946769784160468614
MonoBehaviour:
  m_ObjectHideFlags: 0
  m_CorrespondingSourceObject: {fileID: 0}
  m_PrefabInstance: {fileID: 0}
  m_PrefabAsset: {fileID: 0}
  m_GameObject: {fileID: 0}
  m_Enabled: 1
  m_EditorHideFlags: 0
  m_Script: {fileID: 11500000, guid: ceb653cd98e289a4e8697a1af55201f2, type: 3}
  m_Name: event:/mainCharacterConfused
  m_EditorClassIdentifier: 
  Path: event:/mainCharacterConfused
  guid: 05bcde786d53324c8a4f83747582c8f0
  Banks:
  - {fileID: -8966136619389791873}
  IsStream: 0
  Is3D: 0
  IsOneShot: 1
  Parameters: []
  MinDistance: 0
  MaxDistance: 0
  Length: 755
--- !u!114 &-7241978799023483060
MonoBehaviour:
  m_ObjectHideFlags: 0
  m_CorrespondingSourceObject: {fileID: 0}
  m_PrefabInstance: {fileID: 0}
  m_PrefabAsset: {fileID: 0}
  m_GameObject: {fileID: 0}
  m_Enabled: 1
  m_EditorHideFlags: 0
  m_Script: {fileID: 11500000, guid: ceb653cd98e289a4e8697a1af55201f2, type: 3}
  m_Name: event:/bottleVsCanCollision
  m_EditorClassIdentifier: 
  Path: event:/bottleVsCanCollision
  guid: 4b8df80b8f861a4b803de696cac5bf8f
  Banks:
  - {fileID: -8966136619389791873}
  IsStream: 0
  Is3D: 1
  IsOneShot: 1
  Parameters: []
  MinDistance: 1
  MaxDistance: 20
  Length: 624
--- !u!114 &-7222951247446579081
MonoBehaviour:
  m_ObjectHideFlags: 0
  m_CorrespondingSourceObject: {fileID: 0}
  m_PrefabInstance: {fileID: 0}
  m_PrefabAsset: {fileID: 0}
  m_GameObject: {fileID: 0}
  m_Enabled: 1
  m_EditorHideFlags: 0
  m_Script: {fileID: 11500000, guid: ceb653cd98e289a4e8697a1af55201f2, type: 3}
  m_Name: event:/phoneCallBassist
  m_EditorClassIdentifier: 
  Path: event:/phoneCallBassist
  guid: 8cd738040a0e9b4e9a473673f2609a49
  Banks:
  - {fileID: -8966136619389791873}
  IsStream: 1
  Is3D: 0
  IsOneShot: 1
  Parameters: []
  MinDistance: 0
  MaxDistance: 0
  Length: 16580
--- !u!114 &-6814705661156768655
MonoBehaviour:
  m_ObjectHideFlags: 0
  m_CorrespondingSourceObject: {fileID: 0}
  m_PrefabInstance: {fileID: 0}
  m_PrefabAsset: {fileID: 0}
  m_GameObject: {fileID: 0}
  m_Enabled: 1
  m_EditorHideFlags: 0
  m_Script: {fileID: 11500000, guid: ceb653cd98e289a4e8697a1af55201f2, type: 3}
  m_Name: event:/NPCFemaleBLABLA
  m_EditorClassIdentifier: 
  Path: event:/NPCFemaleBLABLA
  guid: e165472150767046a1251f6ffd2edb95
  Banks:
  - {fileID: -8966136619389791873}
  IsStream: 0
  Is3D: 0
  IsOneShot: 1
  Parameters: []
  MinDistance: 0
  MaxDistance: 0
  Length: 1158
--- !u!114 &-6332602531405488616
MonoBehaviour:
  m_ObjectHideFlags: 0
  m_CorrespondingSourceObject: {fileID: 0}
  m_PrefabInstance: {fileID: 0}
  m_PrefabAsset: {fileID: 0}
  m_GameObject: {fileID: 0}
  m_Enabled: 1
  m_EditorHideFlags: 0
  m_Script: {fileID: 11500000, guid: ceb653cd98e289a4e8697a1af55201f2, type: 3}
  m_Name: event:/bottleVsGroundCollision
  m_EditorClassIdentifier: 
  Path: event:/bottleVsGroundCollision
  guid: 19e2c51790d6a14788965d6c191debde
  Banks:
  - {fileID: -8966136619389791873}
  IsStream: 0
  Is3D: 1
  IsOneShot: 1
  Parameters: []
  MinDistance: 1
  MaxDistance: 20
  Length: 500
--- !u!114 &-6251676870104342742
MonoBehaviour:
  m_ObjectHideFlags: 0
  m_CorrespondingSourceObject: {fileID: 0}
  m_PrefabInstance: {fileID: 0}
  m_PrefabAsset: {fileID: 0}
  m_GameObject: {fileID: 0}
  m_Enabled: 1
  m_EditorHideFlags: 0
  m_Script: {fileID: 11500000, guid: ceb653cd98e289a4e8697a1af55201f2, type: 3}
  m_Name: event:/canVsCanCollision
  m_EditorClassIdentifier: 
  Path: event:/canVsCanCollision
  guid: 2742df8fc1edcc41aef2c0a531c1edb7
  Banks:
  - {fileID: -8966136619389791873}
  IsStream: 0
  Is3D: 1
  IsOneShot: 1
  Parameters: []
  MinDistance: 1
  MaxDistance: 20
  Length: 624
--- !u!114 &-6215176668474687855
MonoBehaviour:
  m_ObjectHideFlags: 0
  m_CorrespondingSourceObject: {fileID: 0}
  m_PrefabInstance: {fileID: 0}
  m_PrefabAsset: {fileID: 0}
  m_GameObject: {fileID: 0}
  m_Enabled: 1
  m_EditorHideFlags: 0
  m_Script: {fileID: 11500000, guid: ceb653cd98e289a4e8697a1af55201f2, type: 3}
  m_Name: event:/dial9
  m_EditorClassIdentifier: 
  Path: event:/dial9
  guid: ace3c43c6eef7f4ba501444a335901a0
  Banks:
  - {fileID: -8966136619389791873}
  IsStream: 0
  Is3D: 0
  IsOneShot: 1
  Parameters: []
  MinDistance: 0
  MaxDistance: 0
  Length: 410
--- !u!114 &-5970485458570096873
MonoBehaviour:
  m_ObjectHideFlags: 0
  m_CorrespondingSourceObject: {fileID: 0}
  m_PrefabInstance: {fileID: 0}
  m_PrefabAsset: {fileID: 0}
  m_GameObject: {fileID: 0}
  m_Enabled: 1
  m_EditorHideFlags: 0
  m_Script: {fileID: 11500000, guid: ceb653cd98e289a4e8697a1af55201f2, type: 3}
  m_Name: event:/dial6
  m_EditorClassIdentifier: 
  Path: event:/dial6
  guid: 5a3fd86df9052e408dad304b340da48a
  Banks:
  - {fileID: -8966136619389791873}
  IsStream: 0
  Is3D: 0
  IsOneShot: 1
  Parameters: []
  MinDistance: 0
  MaxDistance: 0
  Length: 437
--- !u!114 &-5570180618340187326
MonoBehaviour:
  m_ObjectHideFlags: 0
  m_CorrespondingSourceObject: {fileID: 0}
  m_PrefabInstance: {fileID: 0}
  m_PrefabAsset: {fileID: 0}
  m_GameObject: {fileID: 0}
  m_Enabled: 1
  m_EditorHideFlags: 0
  m_Script: {fileID: 11500000, guid: ceb653cd98e289a4e8697a1af55201f2, type: 3}
  m_Name: event:/phoneCallVocalist
  m_EditorClassIdentifier: 
  Path: event:/phoneCallVocalist
  guid: 67fe85ec3eb9e64c9ab495a041d1b030
  Banks:
  - {fileID: -8966136619389791873}
  IsStream: 0
  Is3D: 0
  IsOneShot: 1
  Parameters: []
  MinDistance: 0
  MaxDistance: 0
  Length: 15080
--- !u!114 &-5535015994189180131
MonoBehaviour:
  m_ObjectHideFlags: 0
  m_CorrespondingSourceObject: {fileID: 0}
  m_PrefabInstance: {fileID: 0}
  m_PrefabAsset: {fileID: 0}
  m_GameObject: {fileID: 0}
  m_Enabled: 1
  m_EditorHideFlags: 0
  m_Script: {fileID: 11500000, guid: ceb653cd98e289a4e8697a1af55201f2, type: 3}
  m_Name: event:/phoneRingtone
  m_EditorClassIdentifier: 
  Path: event:/phoneRingtone
  guid: 5815412ba2326d44a93c51ad5ce6468c
  Banks:
  - {fileID: -8966136619389791873}
  IsStream: 1
  Is3D: 1
  IsOneShot: 0
  Parameters: []
  MinDistance: 1
  MaxDistance: 20
  Length: 19617
--- !u!114 &-5478401422048408452
MonoBehaviour:
  m_ObjectHideFlags: 0
  m_CorrespondingSourceObject: {fileID: 0}
  m_PrefabInstance: {fileID: 0}
  m_PrefabAsset: {fileID: 0}
  m_GameObject: {fileID: 0}
  m_Enabled: 1
  m_EditorHideFlags: 0
  m_Script: {fileID: 11500000, guid: c18180ecb35941f4682ae60107b85b7c, type: 3}
  m_Name: bank:/Master.bank
  m_EditorClassIdentifier: 
  Path: Assets/FMODBanks/Desktop/Master.bank
  SubDir: 
  lastModified: 637476417343081054
  LoadResult: 0
  FileSizes: []
  Exists: 0
--- !u!114 &-5431590938098651172
MonoBehaviour:
  m_ObjectHideFlags: 0
  m_CorrespondingSourceObject: {fileID: 0}
  m_PrefabInstance: {fileID: 0}
  m_PrefabAsset: {fileID: 0}
  m_GameObject: {fileID: 0}
  m_Enabled: 1
  m_EditorHideFlags: 0
  m_Script: {fileID: 11500000, guid: ceb653cd98e289a4e8697a1af55201f2, type: 3}
  m_Name: event:/mainCharacterReachingForItems
  m_EditorClassIdentifier: 
  Path: event:/mainCharacterReachingForItems
  guid: 56edcb5d45f27f45970e22514cd0f020
  Banks:
  - {fileID: -8966136619389791873}
  IsStream: 0
  Is3D: 0
  IsOneShot: 1
  Parameters: []
  MinDistance: 0
  MaxDistance: 0
  Length: 5021
--- !u!114 &-5162817966261274741
MonoBehaviour:
  m_ObjectHideFlags: 0
  m_CorrespondingSourceObject: {fileID: 0}
  m_PrefabInstance: {fileID: 0}
  m_PrefabAsset: {fileID: 0}
  m_GameObject: {fileID: 0}
  m_Enabled: 1
  m_EditorHideFlags: 0
  m_Script: {fileID: 11500000, guid: ceb653cd98e289a4e8697a1af55201f2, type: 3}
  m_Name: event:/phoneRinging
  m_EditorClassIdentifier: 
  Path: event:/phoneRinging
  guid: 5231bafa3aba274286e15a279ad46b8c
  Banks:
  - {fileID: -8966136619389791873}
  IsStream: 1
  Is3D: 0
  IsOneShot: 0
  Parameters: []
  MinDistance: 0
  MaxDistance: 0
  Length: 20000
--- !u!114 &-4804046122815546296
MonoBehaviour:
  m_ObjectHideFlags: 0
  m_CorrespondingSourceObject: {fileID: 0}
  m_PrefabInstance: {fileID: 0}
  m_PrefabAsset: {fileID: 0}
  m_GameObject: {fileID: 0}
  m_Enabled: 1
  m_EditorHideFlags: 0
  m_Script: {fileID: 11500000, guid: ceb653cd98e289a4e8697a1af55201f2, type: 3}
  m_Name: event:/mainCharacterCoughing
  m_EditorClassIdentifier: 
  Path: event:/mainCharacterCoughing
  guid: 35cb1780039a194a8b221390cef8004a
  Banks:
  - {fileID: -8966136619389791873}
  IsStream: 0
  Is3D: 0
  IsOneShot: 1
  Parameters: []
  MinDistance: 0
  MaxDistance: 0
  Length: 2989
--- !u!114 &-4487419717739841179
MonoBehaviour:
  m_ObjectHideFlags: 0
  m_CorrespondingSourceObject: {fileID: 0}
  m_PrefabInstance: {fileID: 0}
  m_PrefabAsset: {fileID: 0}
  m_GameObject: {fileID: 0}
  m_Enabled: 1
  m_EditorHideFlags: 0
  m_Script: {fileID: 11500000, guid: ceb653cd98e289a4e8697a1af55201f2, type: 3}
  m_Name: event:/dialHash
  m_EditorClassIdentifier: 
  Path: event:/dialHash
  guid: 31c090db5165ee459f9d27e1a66132ab
  Banks:
  - {fileID: -8966136619389791873}
  IsStream: 0
  Is3D: 0
  IsOneShot: 1
  Parameters: []
  MinDistance: 0
  MaxDistance: 0
  Length: 401
--- !u!114 &-4324460935330421621
MonoBehaviour:
  m_ObjectHideFlags: 0
  m_CorrespondingSourceObject: {fileID: 0}
  m_PrefabInstance: {fileID: 0}
  m_PrefabAsset: {fileID: 0}
  m_GameObject: {fileID: 0}
  m_Enabled: 1
  m_EditorHideFlags: 0
  m_Script: {fileID: 11500000, guid: c18180ecb35941f4682ae60107b85b7c, type: 3}
  m_Name: bank:/Master.bank
  m_EditorClassIdentifier: 
  Path: Assets/FMODBanks/Desktop/Master.bank
  SubDir: 
  lastModified: 637476450271317042
  LoadResult: 0
  FileSizes: []
  Exists: 0
--- !u!114 &-3329414229373367655
MonoBehaviour:
  m_ObjectHideFlags: 0
  m_CorrespondingSourceObject: {fileID: 0}
  m_PrefabInstance: {fileID: 0}
  m_PrefabAsset: {fileID: 0}
  m_GameObject: {fileID: 0}
  m_Enabled: 1
  m_EditorHideFlags: 0
  m_Script: {fileID: 11500000, guid: ceb653cd98e289a4e8697a1af55201f2, type: 3}
  m_Name: event:/canVsGroundCollision
  m_EditorClassIdentifier: 
  Path: event:/canVsGroundCollision
  guid: cadcbf5c2fbfe04f9d6ea538212b317a
  Banks:
  - {fileID: -8966136619389791873}
  IsStream: 0
  Is3D: 1
  IsOneShot: 1
  Parameters: []
  MinDistance: 1
  MaxDistance: 20
  Length: 500
--- !u!114 &-3201435523729532877
MonoBehaviour:
  m_ObjectHideFlags: 0
  m_CorrespondingSourceObject: {fileID: 0}
  m_PrefabInstance: {fileID: 0}
  m_PrefabAsset: {fileID: 0}
  m_GameObject: {fileID: 0}
  m_Enabled: 1
  m_EditorHideFlags: 0
  m_Script: {fileID: 11500000, guid: ceb653cd98e289a4e8697a1af55201f2, type: 3}
  m_Name: event:/mainCharacterSnoreLoop
  m_EditorClassIdentifier: 
  Path: event:/mainCharacterSnoreLoop
  guid: 1216a3c392fb654c91b255585f93c431
  Banks:
  - {fileID: -8966136619389791873}
  IsStream: 0
  Is3D: 0
  IsOneShot: 0
  Parameters: []
  MinDistance: 0
  MaxDistance: 0
  Length: 2294
--- !u!114 &-2968400419405394658
MonoBehaviour:
  m_ObjectHideFlags: 0
  m_CorrespondingSourceObject: {fileID: 0}
  m_PrefabInstance: {fileID: 0}
  m_PrefabAsset: {fileID: 0}
  m_GameObject: {fileID: 0}
  m_Enabled: 1
  m_EditorHideFlags: 0
  m_Script: {fileID: 11500000, guid: ceb653cd98e289a4e8697a1af55201f2, type: 3}
  m_Name: event:/satansVoicemail
  m_EditorClassIdentifier: 
  Path: event:/satansVoicemail
  guid: 536486d2bc8f184e886562db87c8d57c
  Banks:
  - {fileID: -8966136619389791873}
  IsStream: 0
  Is3D: 0
  IsOneShot: 1
  Parameters: []
  MinDistance: 0
  MaxDistance: 0
  Length: 7960
--- !u!114 &-1875062586673847778
MonoBehaviour:
  m_ObjectHideFlags: 0
  m_CorrespondingSourceObject: {fileID: 0}
  m_PrefabInstance: {fileID: 0}
  m_PrefabAsset: {fileID: 0}
  m_GameObject: {fileID: 0}
  m_Enabled: 1
  m_EditorHideFlags: 0
  m_Script: {fileID: 11500000, guid: c18180ecb35941f4682ae60107b85b7c, type: 3}
  m_Name: bank:/Master.bank
  m_EditorClassIdentifier: 
  Path: Assets/FMODBanks/Desktop/Master.bank
  SubDir: 
  lastModified: 637476243473509330
  LoadResult: 0
  FileSizes: []
  Exists: 0
--- !u!114 &-1871950614516093195
MonoBehaviour:
  m_ObjectHideFlags: 0
  m_CorrespondingSourceObject: {fileID: 0}
  m_PrefabInstance: {fileID: 0}
  m_PrefabAsset: {fileID: 0}
  m_GameObject: {fileID: 0}
  m_Enabled: 1
  m_EditorHideFlags: 0
  m_Script: {fileID: 11500000, guid: ceb653cd98e289a4e8697a1af55201f2, type: 3}
  m_Name: event:/phoneCallDrummer
  m_EditorClassIdentifier: 
  Path: event:/phoneCallDrummer
  guid: e2499f6abfec2c47aa3804aa7c58c563
  Banks:
  - {fileID: -8966136619389791873}
  IsStream: 0
  Is3D: 0
  IsOneShot: 1
  Parameters: []
  MinDistance: 0
  MaxDistance: 0
  Length: 29306
--- !u!114 &-1818907991754229751
MonoBehaviour:
  m_ObjectHideFlags: 0
  m_CorrespondingSourceObject: {fileID: 0}
  m_PrefabInstance: {fileID: 0}
  m_PrefabAsset: {fileID: 0}
  m_GameObject: {fileID: 0}
  m_Enabled: 1
  m_EditorHideFlags: 0
  m_Script: {fileID: 11500000, guid: fecb8ef7f94ca804a8ab72049b86782e, type: 3}
  m_Name: Parameter 1
  m_EditorClassIdentifier: 
  Name: Parameter 1
  Min: 0
  Max: 6
  Default: 0
  Exists: 0
--- !u!114 &-1583162550081320413
MonoBehaviour:
  m_ObjectHideFlags: 0
  m_CorrespondingSourceObject: {fileID: 0}
  m_PrefabInstance: {fileID: 0}
  m_PrefabAsset: {fileID: 0}
  m_GameObject: {fileID: 0}
  m_Enabled: 1
  m_EditorHideFlags: 0
  m_Script: {fileID: 11500000, guid: ceb653cd98e289a4e8697a1af55201f2, type: 3}
  m_Name: event:/drinkingBottle
  m_EditorClassIdentifier: 
  Path: event:/drinkingBottle
  guid: 010a0be17236cd4cb212d483ac3b7097
  Banks:
  - {fileID: -8966136619389791873}
  IsStream: 0
  Is3D: 0
  IsOneShot: 1
  Parameters: []
  MinDistance: 0
  MaxDistance: 0
  Length: 5405
--- !u!114 &-1542819428958079559
MonoBehaviour:
  m_ObjectHideFlags: 0
  m_CorrespondingSourceObject: {fileID: 0}
  m_PrefabInstance: {fileID: 0}
  m_PrefabAsset: {fileID: 0}
  m_GameObject: {fileID: 0}
  m_Enabled: 1
  m_EditorHideFlags: 0
  m_Script: {fileID: 11500000, guid: ceb653cd98e289a4e8697a1af55201f2, type: 3}
  m_Name: event:/dial2
  m_EditorClassIdentifier: 
  Path: event:/dial2
  guid: f786b320a96a554fb8849a5e82581d70
  Banks:
  - {fileID: -8966136619389791873}
  IsStream: 0
  Is3D: 0
  IsOneShot: 1
  Parameters: []
  MinDistance: 0
  MaxDistance: 0
  Length: 250
--- !u!114 &-1451155390053535508
MonoBehaviour:
  m_ObjectHideFlags: 0
  m_CorrespondingSourceObject: {fileID: 0}
  m_PrefabInstance: {fileID: 0}
  m_PrefabAsset: {fileID: 0}
  m_GameObject: {fileID: 0}
  m_Enabled: 1
  m_EditorHideFlags: 0
  m_Script: {fileID: 11500000, guid: ceb653cd98e289a4e8697a1af55201f2, type: 3}
  m_Name: event:/mainCharacterDissatisfied
  m_EditorClassIdentifier: 
  Path: event:/mainCharacterDissatisfied
  guid: 1f22ebbfccd5a945a295b1013ee16b4b
  Banks:
  - {fileID: -8966136619389791873}
  IsStream: 0
  Is3D: 0
  IsOneShot: 1
  Parameters: []
  MinDistance: 0
  MaxDistance: 0
  Length: 3379
--- !u!114 &-1308225567323283864
MonoBehaviour:
  m_ObjectHideFlags: 0
  m_CorrespondingSourceObject: {fileID: 0}
  m_PrefabInstance: {fileID: 0}
  m_PrefabAsset: {fileID: 0}
  m_GameObject: {fileID: 0}
  m_Enabled: 1
  m_EditorHideFlags: 0
  m_Script: {fileID: 11500000, guid: ceb653cd98e289a4e8697a1af55201f2, type: 3}
  m_Name: event:/dial3
  m_EditorClassIdentifier: 
  Path: event:/dial3
  guid: 716a8d8a30b31241a67863acc4f507a6
  Banks:
  - {fileID: -8966136619389791873}
  IsStream: 0
  Is3D: 0
  IsOneShot: 1
  Parameters: []
  MinDistance: 0
  MaxDistance: 0
  Length: 343
--- !u!114 &-1117499316573571043
MonoBehaviour:
  m_ObjectHideFlags: 0
  m_CorrespondingSourceObject: {fileID: 0}
  m_PrefabInstance: {fileID: 0}
  m_PrefabAsset: {fileID: 0}
  m_GameObject: {fileID: 0}
  m_Enabled: 1
  m_EditorHideFlags: 0
  m_Script: {fileID: 11500000, guid: fecb8ef7f94ca804a8ab72049b86782e, type: 3}
  m_Name: Parameter 1
  m_EditorClassIdentifier: 
  Name: Parameter 1
  Min: 0
  Max: 6
  Default: 0
  Exists: 1
--- !u!114 &-1029806041942749597
MonoBehaviour:
  m_ObjectHideFlags: 0
  m_CorrespondingSourceObject: {fileID: 0}
  m_PrefabInstance: {fileID: 0}
  m_PrefabAsset: {fileID: 0}
  m_GameObject: {fileID: 0}
  m_Enabled: 1
  m_EditorHideFlags: 0
  m_Script: {fileID: 11500000, guid: ceb653cd98e289a4e8697a1af55201f2, type: 3}
  m_Name: event:/dial8
  m_EditorClassIdentifier: 
  Path: event:/dial8
  guid: 5489b6384b034e4d974a442648c7e568
  Banks:
  - {fileID: -8966136619389791873}
  IsStream: 0
  Is3D: 0
  IsOneShot: 1
  Parameters: []
  MinDistance: 0
  MaxDistance: 0
  Length: 408
--- !u!114 &-902493290535277125
MonoBehaviour:
  m_ObjectHideFlags: 0
  m_CorrespondingSourceObject: {fileID: 0}
  m_PrefabInstance: {fileID: 0}
  m_PrefabAsset: {fileID: 0}
  m_GameObject: {fileID: 0}
  m_Enabled: 1
  m_EditorHideFlags: 0
  m_Script: {fileID: 11500000, guid: ceb653cd98e289a4e8697a1af55201f2, type: 3}
  m_Name: event:/mainCharacterSad
  m_EditorClassIdentifier: 
  Path: event:/mainCharacterSad
  guid: 1807fffc218da441b8265764ee98f53b
  Banks:
  - {fileID: -8966136619389791873}
  IsStream: 0
  Is3D: 0
  IsOneShot: 1
  Parameters: []
  MinDistance: 0
  MaxDistance: 0
  Length: 2390
--- !u!114 &-336472114448639905
MonoBehaviour:
  m_ObjectHideFlags: 0
  m_CorrespondingSourceObject: {fileID: 0}
  m_PrefabInstance: {fileID: 0}
  m_PrefabAsset: {fileID: 0}
  m_GameObject: {fileID: 0}
  m_Enabled: 1
  m_EditorHideFlags: 0
  m_Script: {fileID: 11500000, guid: ceb653cd98e289a4e8697a1af55201f2, type: 3}
  m_Name: event:/methalLoop1
  m_EditorClassIdentifier: 
  Path: event:/methalLoop1
  guid: 10a871a8ec5e3e4b9b6060b9cd5171e7
  Banks:
  - {fileID: -8966136619389791873}
  IsStream: 1
  Is3D: 0
  IsOneShot: 0
  Parameters: []
  MinDistance: 0
  MaxDistance: 0
  Length: 324869
--- !u!114 &-148054486836898363
MonoBehaviour:
  m_ObjectHideFlags: 0
  m_CorrespondingSourceObject: {fileID: 0}
  m_PrefabInstance: {fileID: 0}
  m_PrefabAsset: {fileID: 0}
  m_GameObject: {fileID: 0}
  m_Enabled: 1
  m_EditorHideFlags: 0
  m_Script: {fileID: 11500000, guid: ceb653cd98e289a4e8697a1af55201f2, type: 3}
  m_Name: event:/eating
  m_EditorClassIdentifier: 
  Path: event:/eating
  guid: 411c65992c278a42a352b92f7e471d53
  Banks:
  - {fileID: -8966136619389791873}
  IsStream: 0
  Is3D: 0
  IsOneShot: 1
  Parameters: []
  MinDistance: 0
  MaxDistance: 0
  Length: 3000
--- !u!114 &-90729557029331783
MonoBehaviour:
  m_ObjectHideFlags: 0
  m_CorrespondingSourceObject: {fileID: 0}
  m_PrefabInstance: {fileID: 0}
  m_PrefabAsset: {fileID: 0}
  m_GameObject: {fileID: 0}
  m_Enabled: 1
  m_EditorHideFlags: 0
  m_Script: {fileID: 11500000, guid: ceb653cd98e289a4e8697a1af55201f2, type: 3}
  m_Name: event:/phoneReserved
  m_EditorClassIdentifier: 
  Path: event:/phoneReserved
  guid: 30ed4d11c7e4674baaffdf9a3e99114b
  Banks:
  - {fileID: -8966136619389791873}
  IsStream: 0
  Is3D: 0
  IsOneShot: 0
  Parameters: []
  MinDistance: 0
  MaxDistance: 0
  Length: 2000
--- !u!114 &11400000
MonoBehaviour:
  m_ObjectHideFlags: 0
  m_CorrespondingSourceObject: {fileID: 0}
  m_PrefabInstance: {fileID: 0}
  m_PrefabAsset: {fileID: 0}
  m_GameObject: {fileID: 0}
  m_Enabled: 1
  m_EditorHideFlags: 0
  m_Script: {fileID: 11500000, guid: d32cf7c32a3ed8347bac48ef5ed56d82, type: 3}
  m_Name: FMODStudioCache
  m_EditorClassIdentifier: 
  EditorBanks:
  - {fileID: -8553189835287784822}
  - {fileID: -8966136619389791873}
  EditorEvents:
  - {fileID: -6332602531405488616}
  - {fileID: -6251676870104342742}
  - {fileID: -7241978799023483060}
  - {fileID: 6476641953737791524}
  - {fileID: -3329414229373367655}
  - {fileID: -4487419717739841179}
  - {fileID: -1029806041942749597}
  - {fileID: -5970485458570096873}
  - {fileID: -1308225567323283864}
  - {fileID: 4200970968261686498}
  - {fileID: 8766887150357576078}
  - {fileID: 899788000272575655}
  - {fileID: -6215176668474687855}
  - {fileID: -9211224884790991363}
  - {fileID: 7229227915801793244}
  - {fileID: -1542819428958079559}
  - {fileID: 5282072782001991115}
  - {fileID: -90729557029331783}
  - {fileID: 3654967394034583137}
  - {fileID: -5162817966261274741}
  - {fileID: -7946769784160468614}
  - {fileID: -336472114448639905}
  - {fileID: -3201435523729532877}
  - {fileID: -902493290535277125}
  - {fileID: -1451155390053535508}
  - {fileID: 4029815981664548631}
  - {fileID: 9106426862555292069}
  - {fileID: -4804046122815546296}
  - {fileID: -5431590938098651172}
  - {fileID: 1881329482569222547}
  - {fileID: 3986285467570756275}
  - {fileID: -8652343153992677398}
  - {fileID: -8192742507379760872}
  - {fileID: -5535015994189180131}
  - {fileID: 3066028741074680481}
  - {fileID: -2968400419405394658}
  - {fileID: -8078761989459026430}
  - {fileID: -6814705661156768655}
  - {fileID: -1583162550081320413}
  - {fileID: 2512154891356764066}
  - {fileID: 4923919086120932505}
  - {fileID: -148054486836898363}
  - {fileID: -5570180618340187326}
  - {fileID: -7222951247446579081}
  - {fileID: 8962479217688059248}
  - {fileID: -1871950614516093195}
  - {fileID: 5695421830275441016}
  EditorParameters:
  - {fileID: -1117499316573571043}
  MasterBanks:
  - {fileID: -8966136619389791873}
  StringsBanks:
  - {fileID: -8553189835287784822}
  stringsBankWriteTime: 637477018163808553
  cacheVersion: 3
--- !u!114 &899788000272575655
MonoBehaviour:
  m_ObjectHideFlags: 0
  m_CorrespondingSourceObject: {fileID: 0}
  m_PrefabInstance: {fileID: 0}
  m_PrefabAsset: {fileID: 0}
  m_GameObject: {fileID: 0}
  m_Enabled: 1
  m_EditorHideFlags: 0
  m_Script: {fileID: 11500000, guid: ceb653cd98e289a4e8697a1af55201f2, type: 3}
  m_Name: event:/dial7
  m_EditorClassIdentifier: 
  Path: event:/dial7
  guid: aaf14f08333eaa48aad8d8cb4010b9a7
  Banks:
  - {fileID: -8966136619389791873}
  IsStream: 0
  Is3D: 0
  IsOneShot: 1
  Parameters: []
  MinDistance: 0
  MaxDistance: 0
  Length: 406
--- !u!114 &1171705016054511018
MonoBehaviour:
  m_ObjectHideFlags: 0
  m_CorrespondingSourceObject: {fileID: 0}
  m_PrefabInstance: {fileID: 0}
  m_PrefabAsset: {fileID: 0}
  m_GameObject: {fileID: 0}
  m_Enabled: 1
  m_EditorHideFlags: 0
  m_Script: {fileID: 11500000, guid: c18180ecb35941f4682ae60107b85b7c, type: 3}
  m_Name: bank:/Master.bank
  m_EditorClassIdentifier: 
  Path: Assets/FMODBanks/Desktop/Master.bank
  SubDir: 
  lastModified: 637476090538667493
  LoadResult: 0
  FileSizes: []
  Exists: 0
--- !u!114 &1271580390610395488
MonoBehaviour:
  m_ObjectHideFlags: 0
  m_CorrespondingSourceObject: {fileID: 0}
  m_PrefabInstance: {fileID: 0}
  m_PrefabAsset: {fileID: 0}
  m_GameObject: {fileID: 0}
  m_Enabled: 1
  m_EditorHideFlags: 0
  m_Script: {fileID: 11500000, guid: c18180ecb35941f4682ae60107b85b7c, type: 3}
  m_Name: bank:/Master.bank
  m_EditorClassIdentifier: 
  Path: Assets/FMODBanks/Desktop/Master.bank
  SubDir: 
  lastModified: 637477007457300355
  LoadResult: 0
  FileSizes: []
  Exists: 0
--- !u!114 &1881329482569222547
MonoBehaviour:
  m_ObjectHideFlags: 0
  m_CorrespondingSourceObject: {fileID: 0}
  m_PrefabInstance: {fileID: 0}
  m_PrefabAsset: {fileID: 0}
  m_GameObject: {fileID: 0}
  m_Enabled: 1
  m_EditorHideFlags: 0
  m_Script: {fileID: 11500000, guid: ceb653cd98e289a4e8697a1af55201f2, type: 3}
  m_Name: event:/mainCharacterBarfing
  m_EditorClassIdentifier: 
  Path: event:/mainCharacterBarfing
  guid: 64469c31bbb81642acd7f8c9f64fbc30
  Banks:
  - {fileID: -8966136619389791873}
  IsStream: 0
  Is3D: 0
  IsOneShot: 1
  Parameters: []
  MinDistance: 0
  MaxDistance: 0
  Length: 3548
--- !u!114 &2512154891356764066
MonoBehaviour:
  m_ObjectHideFlags: 0
  m_CorrespondingSourceObject: {fileID: 0}
  m_PrefabInstance: {fileID: 0}
  m_PrefabAsset: {fileID: 0}
  m_GameObject: {fileID: 0}
  m_Enabled: 1
  m_EditorHideFlags: 0
  m_Script: {fileID: 11500000, guid: ceb653cd98e289a4e8697a1af55201f2, type: 3}
  m_Name: event:/phonePickup
  m_EditorClassIdentifier: 
  Path: event:/phonePickup
  guid: 06045607555c55429a61b9995a406c79
  Banks:
  - {fileID: -8966136619389791873}
  IsStream: 0
  Is3D: 0
  IsOneShot: 1
  Parameters: []
  MinDistance: 0
  MaxDistance: 0
  Length: 750
--- !u!114 &2515039386227692168
MonoBehaviour:
  m_ObjectHideFlags: 0
  m_CorrespondingSourceObject: {fileID: 0}
  m_PrefabInstance: {fileID: 0}
  m_PrefabAsset: {fileID: 0}
  m_GameObject: {fileID: 0}
  m_Enabled: 1
  m_EditorHideFlags: 0
  m_Script: {fileID: 11500000, guid: c18180ecb35941f4682ae60107b85b7c, type: 3}
  m_Name: bank:/Master.bank
  m_EditorClassIdentifier: 
  Path: Assets/FMODBanks/Desktop/Master.bank
  SubDir: 
  lastModified: 637476356365839381
  LoadResult: 0
  FileSizes: []
  Exists: 0
--- !u!114 &3066028741074680481
MonoBehaviour:
  m_ObjectHideFlags: 0
  m_CorrespondingSourceObject: {fileID: 0}
  m_PrefabInstance: {fileID: 0}
  m_PrefabAsset: {fileID: 0}
  m_GameObject: {fileID: 0}
  m_Enabled: 1
  m_EditorHideFlags: 0
  m_Script: {fileID: 11500000, guid: ceb653cd98e289a4e8697a1af55201f2, type: 3}
  m_Name: event:/NPCMaleDenied
  m_EditorClassIdentifier: 
  Path: event:/NPCMaleDenied
  guid: 19e2bc9a072b1e4085e17a4229a899dd
  Banks:
  - {fileID: -8966136619389791873}
  IsStream: 0
  Is3D: 0
  IsOneShot: 1
  Parameters: []
  MinDistance: 0
  MaxDistance: 0
  Length: 1254
--- !u!114 &3124759770133690441
MonoBehaviour:
  m_ObjectHideFlags: 0
  m_CorrespondingSourceObject: {fileID: 0}
  m_PrefabInstance: {fileID: 0}
  m_PrefabAsset: {fileID: 0}
  m_GameObject: {fileID: 0}
  m_Enabled: 1
  m_EditorHideFlags: 0
  m_Script: {fileID: 11500000, guid: c18180ecb35941f4682ae60107b85b7c, type: 3}
  m_Name: bank:/Master.bank
  m_EditorClassIdentifier: 
  Path: Assets/FMODBanks/Desktop/Master.bank
  SubDir: 
  lastModified: 637476129115890661
  LoadResult: 0
  FileSizes: []
  Exists: 0
--- !u!114 &3654967394034583137
MonoBehaviour:
  m_ObjectHideFlags: 0
  m_CorrespondingSourceObject: {fileID: 0}
  m_PrefabInstance: {fileID: 0}
  m_PrefabAsset: {fileID: 0}
  m_GameObject: {fileID: 0}
  m_Enabled: 1
  m_EditorHideFlags: 0
  m_Script: {fileID: 11500000, guid: ceb653cd98e289a4e8697a1af55201f2, type: 3}
  m_Name: event:/darraLoop1
  m_EditorClassIdentifier: 
  Path: event:/darraLoop1
  guid: 4ed1e360718e13419f439d27b2904c1d
  Banks:
  - {fileID: -8966136619389791873}
  IsStream: 1
  Is3D: 0
  IsOneShot: 0
  Parameters: []
  MinDistance: 0
  MaxDistance: 0
  Length: 24095
--- !u!114 &3986285467570756275
MonoBehaviour:
  m_ObjectHideFlags: 0
  m_CorrespondingSourceObject: {fileID: 0}
  m_PrefabInstance: {fileID: 0}
  m_PrefabAsset: {fileID: 0}
  m_GameObject: {fileID: 0}
  m_Enabled: 1
  m_EditorHideFlags: 0
  m_Script: {fileID: 11500000, guid: ceb653cd98e289a4e8697a1af55201f2, type: 3}
  m_Name: event:/darraLoop2
  m_EditorClassIdentifier: 
  Path: event:/darraLoop2
  guid: 7f5f249b5199c44d88901eb0f4009aa3
  Banks:
  - {fileID: -8966136619389791873}
  IsStream: 1
  Is3D: 0
  IsOneShot: 0
  Parameters: []
  MinDistance: 0
  MaxDistance: 0
  Length: 144000
--- !u!114 &4029815981664548631
MonoBehaviour:
  m_ObjectHideFlags: 0
  m_CorrespondingSourceObject: {fileID: 0}
  m_PrefabInstance: {fileID: 0}
  m_PrefabAsset: {fileID: 0}
  m_GameObject: {fileID: 0}
  m_Enabled: 1
  m_EditorHideFlags: 0
  m_Script: {fileID: 11500000, guid: ceb653cd98e289a4e8697a1af55201f2, type: 3}
  m_Name: event:/mainCharacterSatisfiedLaughing
  m_EditorClassIdentifier: 
  Path: event:/mainCharacterSatisfiedLaughing
  guid: 1f5ae7812d5b524e8d6dd86713695be7
  Banks:
  - {fileID: -8966136619389791873}
  IsStream: 0
  Is3D: 0
  IsOneShot: 1
  Parameters: []
  MinDistance: 0
  MaxDistance: 0
  Length: 3130
--- !u!114 &4200970968261686498
MonoBehaviour:
  m_ObjectHideFlags: 0
  m_CorrespondingSourceObject: {fileID: 0}
  m_PrefabInstance: {fileID: 0}
  m_PrefabAsset: {fileID: 0}
  m_GameObject: {fileID: 0}
  m_Enabled: 1
  m_EditorHideFlags: 0
  m_Script: {fileID: 11500000, guid: ceb653cd98e289a4e8697a1af55201f2, type: 3}
  m_Name: event:/dial1
  m_EditorClassIdentifier: 
  Path: event:/dial1
  guid: 77ce5404942e9b4abfb62ad8f2760c48
  Banks:
  - {fileID: -8966136619389791873}
  IsStream: 0
  Is3D: 0
  IsOneShot: 1
  Parameters: []
  MinDistance: 0
  MaxDistance: 0
  Length: 291
--- !u!114 &4315483806655127502
MonoBehaviour:
  m_ObjectHideFlags: 0
  m_CorrespondingSourceObject: {fileID: 0}
  m_PrefabInstance: {fileID: 0}
  m_PrefabAsset: {fileID: 0}
  m_GameObject: {fileID: 0}
  m_Enabled: 1
  m_EditorHideFlags: 0
  m_Script: {fileID: 11500000, guid: c18180ecb35941f4682ae60107b85b7c, type: 3}
  m_Name: bank:/Master.bank
  m_EditorClassIdentifier: 
  Path: Assets/FMODBanks/Desktop/Master.bank
  SubDir: 
  lastModified: 637476106618108798
  LoadResult: 0
  FileSizes: []
  Exists: 0
--- !u!114 &4923919086120932505
MonoBehaviour:
  m_ObjectHideFlags: 0
  m_CorrespondingSourceObject: {fileID: 0}
  m_PrefabInstance: {fileID: 0}
  m_PrefabAsset: {fileID: 0}
  m_GameObject: {fileID: 0}
  m_Enabled: 1
  m_EditorHideFlags: 0
  m_Script: {fileID: 11500000, guid: ceb653cd98e289a4e8697a1af55201f2, type: 3}
  m_Name: event:/phoneCallGuitarist
  m_EditorClassIdentifier: 
  Path: event:/phoneCallGuitarist
  guid: 097fb976d547f74bbfdc6c94ce0ece89
  Banks:
  - {fileID: -8966136619389791873}
  IsStream: 0
  Is3D: 0
  IsOneShot: 1
  Parameters: []
  MinDistance: 0
  MaxDistance: 0
  Length: 15224
--- !u!114 &5282072782001991115
MonoBehaviour:
  m_ObjectHideFlags: 0
  m_CorrespondingSourceObject: {fileID: 0}
  m_PrefabInstance: {fileID: 0}
  m_PrefabAsset: {fileID: 0}
  m_GameObject: {fileID: 0}
  m_Enabled: 1
  m_EditorHideFlags: 0
  m_Script: {fileID: 11500000, guid: ceb653cd98e289a4e8697a1af55201f2, type: 3}
  m_Name: event:/dial4
  m_EditorClassIdentifier: 
  Path: event:/dial4
  guid: fd891e313cffea488a0f34856e212a88
  Banks:
  - {fileID: -8966136619389791873}
  IsStream: 0
  Is3D: 0
  IsOneShot: 1
  Parameters: []
  MinDistance: 0
  MaxDistance: 0
  Length: 322
--- !u!114 &5695421830275441016
MonoBehaviour:
  m_ObjectHideFlags: 0
  m_CorrespondingSourceObject: {fileID: 0}
  m_PrefabInstance: {fileID: 0}
  m_PrefabAsset: {fileID: 0}
  m_GameObject: {fileID: 0}
  m_Enabled: 1
  m_EditorHideFlags: 0
  m_Script: {fileID: 11500000, guid: ceb653cd98e289a4e8697a1af55201f2, type: 3}
  m_Name: event:/phoneHangup
  m_EditorClassIdentifier: 
  Path: event:/phoneHangup
  guid: fb800efbbf5b93499a6d16bde8126ad0
  Banks:
  - {fileID: -8966136619389791873}
  IsStream: 0
  Is3D: 0
  IsOneShot: 1
  Parameters: []
  MinDistance: 0
  MaxDistance: 0
  Length: 624
--- !u!114 &6476641953737791524
MonoBehaviour:
  m_ObjectHideFlags: 0
  m_CorrespondingSourceObject: {fileID: 0}
  m_PrefabInstance: {fileID: 0}
  m_PrefabAsset: {fileID: 0}
  m_GameObject: {fileID: 0}
  m_Enabled: 1
  m_EditorHideFlags: 0
  m_Script: {fileID: 11500000, guid: ceb653cd98e289a4e8697a1af55201f2, type: 3}
  m_Name: event:/bottleVsBottleCollision
  m_EditorClassIdentifier: 
  Path: event:/bottleVsBottleCollision
  guid: 7dd3461c5e2d284b8e6137599e28813b
  Banks:
  - {fileID: -8966136619389791873}
  IsStream: 0
  Is3D: 1
  IsOneShot: 1
  Parameters: []
  MinDistance: 1
  MaxDistance: 20
  Length: 500
--- !u!114 &7229227915801793244
MonoBehaviour:
  m_ObjectHideFlags: 0
  m_CorrespondingSourceObject: {fileID: 0}
  m_PrefabInstance: {fileID: 0}
  m_PrefabAsset: {fileID: 0}
  m_GameObject: {fileID: 0}
  m_Enabled: 1
  m_EditorHideFlags: 0
  m_Script: {fileID: 11500000, guid: ceb653cd98e289a4e8697a1af55201f2, type: 3}
  m_Name: event:/dial0
  m_EditorClassIdentifier: 
  Path: event:/dial0
  guid: c53f267f6637624d81bae1b57ea46478
  Banks:
  - {fileID: -8966136619389791873}
  IsStream: 0
  Is3D: 0
  IsOneShot: 1
  Parameters: []
  MinDistance: 0
  MaxDistance: 0
  Length: 397
--- !u!114 &8766887150357576078
MonoBehaviour:
  m_ObjectHideFlags: 0
  m_CorrespondingSourceObject: {fileID: 0}
  m_PrefabInstance: {fileID: 0}
  m_PrefabAsset: {fileID: 0}
  m_GameObject: {fileID: 0}
  m_Enabled: 1
  m_EditorHideFlags: 0
  m_Script: {fileID: 11500000, guid: ceb653cd98e289a4e8697a1af55201f2, type: 3}
  m_Name: event:/dial5
  m_EditorClassIdentifier: 
  Path: event:/dial5
  guid: 77f4d3cd759a534c9625e61316d83819
  Banks:
  - {fileID: -8966136619389791873}
  IsStream: 0
  Is3D: 0
  IsOneShot: 1
  Parameters: []
  MinDistance: 0
  MaxDistance: 0
  Length: 394
--- !u!114 &8962479217688059248
MonoBehaviour:
  m_ObjectHideFlags: 0
  m_CorrespondingSourceObject: {fileID: 0}
  m_PrefabInstance: {fileID: 0}
  m_PrefabAsset: {fileID: 0}
  m_GameObject: {fileID: 0}
  m_Enabled: 1
  m_EditorHideFlags: 0
  m_Script: {fileID: 11500000, guid: ceb653cd98e289a4e8697a1af55201f2, type: 3}
  m_Name: event:/drinkingCan
  m_EditorClassIdentifier: 
  Path: event:/drinkingCan
  guid: 9f99c3b03643764495ce98f5f605dd2d
  Banks:
  - {fileID: -8966136619389791873}
  IsStream: 0
  Is3D: 0
  IsOneShot: 1
  Parameters: []
  MinDistance: 0
  MaxDistance: 0
  Length: 5260
--- !u!114 &9106426862555292069
MonoBehaviour:
  m_ObjectHideFlags: 0
  m_CorrespondingSourceObject: {fileID: 0}
  m_PrefabInstance: {fileID: 0}
  m_PrefabAsset: {fileID: 0}
  m_GameObject: {fileID: 0}
  m_Enabled: 1
  m_EditorHideFlags: 0
  m_Script: {fileID: 11500000, guid: ceb653cd98e289a4e8697a1af55201f2, type: 3}
  m_Name: event:/mainCharacterAgreeing
  m_EditorClassIdentifier: 
  Path: event:/mainCharacterAgreeing
  guid: 3373413746e7da48bc96c8a1d4839980
  Banks:
  - {fileID: -8966136619389791873}
  IsStream: 0
  Is3D: 0
  IsOneShot: 1
  Parameters: []
  MinDistance: 0
  MaxDistance: 0
  Length: 4933
