%YAML 1.1
%TAG !u! tag:unity3d.com,2011:
--- !u!54 &7311963285313246338
Rigidbody:
  m_ObjectHideFlags: 0
  m_CorrespondingSourceObject: {fileID: 0}
  m_PrefabInstance: {fileID: 0}
  m_PrefabAsset: {fileID: 0}
  m_GameObject: {fileID: 6534046284792935784}
  serializedVersion: 2
  m_Mass: 200
  m_Drag: 0
  m_AngularDrag: 0.05
  m_UseGravity: 1
  m_IsKinematic: 0
  m_Interpolate: 0
  m_Constraints: 0
  m_CollisionDetection: 0
--- !u!64 &693640258515039367
MeshCollider:
  m_ObjectHideFlags: 0
  m_CorrespondingSourceObject: {fileID: 0}
  m_PrefabInstance: {fileID: 0}
  m_PrefabAsset: {fileID: 0}
  m_GameObject: {fileID: 6534046284792935784}
  m_Material: {fileID: 0}
  m_IsTrigger: 0
  m_Enabled: 1
  serializedVersion: 4
  m_Convex: 1
  m_CookingOptions: 30
  m_Mesh: {fileID: 3927110695227167222, guid: 1a89858aa5dbf6348a0be0ea043ceee3, type: 3}
--- !u!64 &6773487152493944899
MeshCollider:
  m_ObjectHideFlags: 0
  m_CorrespondingSourceObject: {fileID: 0}
  m_PrefabInstance: {fileID: 0}
  m_PrefabAsset: {fileID: 0}
  m_GameObject: {fileID: 6534046284792935784}
  m_Material: {fileID: 0}
  m_IsTrigger: 0
  m_Enabled: 1
  serializedVersion: 4
  m_Convex: 1
  m_CookingOptions: 30
  m_Mesh: {fileID: 3927110695227167222, guid: 1a89858aa5dbf6348a0be0ea043ceee3, type: 3}
--- !u!64 &5756015878201053912
MeshCollider:
  m_ObjectHideFlags: 0
  m_CorrespondingSourceObject: {fileID: 0}
  m_PrefabInstance: {fileID: 0}
  m_PrefabAsset: {fileID: 0}
  m_GameObject: {fileID: 1236572368569519735}
  m_Material: {fileID: 0}
  m_IsTrigger: 0
  m_Enabled: 1
  serializedVersion: 4
  m_Convex: 0
  m_CookingOptions: 30
  m_Mesh: {fileID: 6212079041220229779, guid: 1a89858aa5dbf6348a0be0ea043ceee3, type: 3}
--- !u!1 &8438153266201129685
GameObject:
  m_ObjectHideFlags: 0
  m_CorrespondingSourceObject: {fileID: 0}
  m_PrefabInstance: {fileID: 0}
  m_PrefabAsset: {fileID: 0}
  serializedVersion: 6
  m_Component:
  - component: {fileID: 3738817441870458512}
  - component: {fileID: 6465287938533768728}
  - component: {fileID: 486255893630280897}
  - component: {fileID: 2514859658044859698}
  - component: {fileID: 1597774391166586321}
  - component: {fileID: 8366347273087603551}
  m_Layer: 0
  m_Name: CoffinDoor (1)
  m_TagString: Untagged
  m_Icon: {fileID: 0}
  m_NavMeshLayer: 0
  m_StaticEditorFlags: 0
  m_IsActive: 1
--- !u!4 &3738817441870458512
Transform:
  m_ObjectHideFlags: 0
  m_CorrespondingSourceObject: {fileID: 0}
  m_PrefabInstance: {fileID: 0}
  m_PrefabAsset: {fileID: 0}
  m_GameObject: {fileID: 8438153266201129685}
  m_LocalRotation: {x: -0.0052643595, y: -0.35948947, z: 0.001478787, w: 0.9331331}
  m_LocalPosition: {x: 0.298, y: 2.37, z: -1.038}
  m_LocalScale: {x: 1, y: 1, z: 1}
  m_Children: []
  m_Father: {fileID: 8132961794817253982}
  m_RootOrder: 0
  m_LocalEulerAnglesHint: {x: -0.50200003, y: -42.14, z: 0.37500003}
--- !u!33 &6465287938533768728
MeshFilter:
  m_ObjectHideFlags: 0
  m_CorrespondingSourceObject: {fileID: 0}
  m_PrefabInstance: {fileID: 0}
  m_PrefabAsset: {fileID: 0}
  m_GameObject: {fileID: 8438153266201129685}
  m_Mesh: {fileID: 6212079041220229779, guid: 1a89858aa5dbf6348a0be0ea043ceee3, type: 3}
--- !u!23 &486255893630280897
MeshRenderer:
  m_ObjectHideFlags: 0
  m_CorrespondingSourceObject: {fileID: 0}
  m_PrefabInstance: {fileID: 0}
  m_PrefabAsset: {fileID: 0}
  m_GameObject: {fileID: 8438153266201129685}
  m_Enabled: 1
  m_CastShadows: 1
  m_ReceiveShadows: 1
  m_DynamicOccludee: 1
  m_MotionVectors: 1
  m_LightProbeUsage: 1
  m_ReflectionProbeUsage: 1
  m_RayTracingMode: 2
  m_RenderingLayerMask: 1
  m_RendererPriority: 0
  m_Materials:
  - {fileID: 2100000, guid: 26d958a1b768e644299272f2e0db1063, type: 2}
  m_StaticBatchInfo:
    firstSubMesh: 0
    subMeshCount: 0
  m_StaticBatchRoot: {fileID: 0}
  m_ProbeAnchor: {fileID: 0}
  m_LightProbeVolumeOverride: {fileID: 0}
  m_ScaleInLightmap: 1
  m_ReceiveGI: 1
  m_PreserveUVs: 0
  m_IgnoreNormalsForChartDetection: 0
  m_ImportantGI: 0
  m_StitchLightmapSeams: 1
  m_SelectedEditorRenderState: 3
  m_MinimumChartSize: 4
  m_AutoUVMaxDistance: 0.5
  m_AutoUVMaxAngle: 89
  m_LightmapParameters: {fileID: 0}
  m_SortingLayerID: 0
  m_SortingLayer: 0
  m_SortingOrder: 0
--- !u!64 &2514859658044859698
MeshCollider:
  m_ObjectHideFlags: 0
  m_CorrespondingSourceObject: {fileID: 0}
  m_PrefabInstance: {fileID: 0}
  m_PrefabAsset: {fileID: 0}
  m_GameObject: {fileID: 8438153266201129685}
  m_Material: {fileID: 0}
  m_IsTrigger: 0
  m_Enabled: 1
  serializedVersion: 4
  m_Convex: 1
  m_CookingOptions: 30
  m_Mesh: {fileID: 6212079041220229779, guid: 1a89858aa5dbf6348a0be0ea043ceee3, type: 3}
--- !u!54 &1597774391166586321
Rigidbody:
  m_ObjectHideFlags: 0
  m_CorrespondingSourceObject: {fileID: 0}
  m_PrefabInstance: {fileID: 0}
  m_PrefabAsset: {fileID: 0}
  m_GameObject: {fileID: 8438153266201129685}
  serializedVersion: 2
  m_Mass: 20
  m_Drag: 0
  m_AngularDrag: 0.05
  m_UseGravity: 1
  m_IsKinematic: 0
  m_Interpolate: 0
  m_Constraints: 0
  m_CollisionDetection: 0
--- !u!59 &8366347273087603551
HingeJoint:
  m_ObjectHideFlags: 0
  m_CorrespondingSourceObject: {fileID: 0}
  m_PrefabInstance: {fileID: 0}
  m_PrefabAsset: {fileID: 0}
  m_GameObject: {fileID: 8438153266201129685}
  m_ConnectedBody: {fileID: 7311963285313246338}
  m_Anchor: {x: 0, y: -1, z: 0}
  m_Axis: {x: 0, y: 1, z: 0}
  m_AutoConfigureConnectedAnchor: 1
  m_ConnectedAnchor: {x: 0.29697484, y: 1.3700596, z: -1.027112}
  m_UseSpring: 0
  m_Spring:
    spring: 0
    damper: 0
    targetPosition: 0
  m_UseMotor: 0
  m_Motor:
    targetVelocity: 0
    force: 0
    freeSpin: 0
  m_UseLimits: 0
  m_Limits:
    min: 0
    max: 40
    bounciness: 0
    bounceMinVelocity: 0.2
    contactDistance: 0
  m_BreakForce: Infinity
  m_BreakTorque: Infinity
  m_EnableCollision: 0
  m_EnablePreprocessing: 1
  m_MassScale: 1
  m_ConnectedMassScale: 1
--- !u!1001 &4066320342610474771
PrefabInstance:
  m_ObjectHideFlags: 0
  serializedVersion: 2
  m_Modification:
    m_TransformParent: {fileID: 0}
    m_Modifications:
    - target: {fileID: -8679921383154817045, guid: 1a89858aa5dbf6348a0be0ea043ceee3,
        type: 3}
      propertyPath: m_LocalPosition.x
      value: -3.76
      objectReference: {fileID: 0}
    - target: {fileID: -8679921383154817045, guid: 1a89858aa5dbf6348a0be0ea043ceee3,
        type: 3}
      propertyPath: m_LocalPosition.y
      value: 0.3
      objectReference: {fileID: 0}
    - target: {fileID: -8679921383154817045, guid: 1a89858aa5dbf6348a0be0ea043ceee3,
        type: 3}
      propertyPath: m_LocalPosition.z
      value: -3.5007014
      objectReference: {fileID: 0}
    - target: {fileID: -8679921383154817045, guid: 1a89858aa5dbf6348a0be0ea043ceee3,
        type: 3}
      propertyPath: m_LocalRotation.x
      value: -0.03086659
      objectReference: {fileID: 0}
    - target: {fileID: -8679921383154817045, guid: 1a89858aa5dbf6348a0be0ea043ceee3,
        type: 3}
      propertyPath: m_LocalRotation.y
      value: 0.558578
      objectReference: {fileID: 0}
    - target: {fileID: -8679921383154817045, guid: 1a89858aa5dbf6348a0be0ea043ceee3,
        type: 3}
      propertyPath: m_LocalRotation.z
      value: -0.045733377
      objectReference: {fileID: 0}
    - target: {fileID: -8679921383154817045, guid: 1a89858aa5dbf6348a0be0ea043ceee3,
        type: 3}
      propertyPath: m_LocalRotation.w
      value: 0.82761484
      objectReference: {fileID: 0}
    - target: {fileID: -8679921383154817045, guid: 1a89858aa5dbf6348a0be0ea043ceee3,
        type: 3}
      propertyPath: m_RootOrder
      value: 0
      objectReference: {fileID: 0}
    - target: {fileID: -8679921383154817045, guid: 1a89858aa5dbf6348a0be0ea043ceee3,
        type: 3}
      propertyPath: m_LocalEulerAnglesHint.x
      value: 0
      objectReference: {fileID: 0}
    - target: {fileID: -8679921383154817045, guid: 1a89858aa5dbf6348a0be0ea043ceee3,
        type: 3}
      propertyPath: m_LocalEulerAnglesHint.y
      value: 68.033005
      objectReference: {fileID: 0}
    - target: {fileID: -8679921383154817045, guid: 1a89858aa5dbf6348a0be0ea043ceee3,
        type: 3}
      propertyPath: m_LocalEulerAnglesHint.z
      value: -6.326
      objectReference: {fileID: 0}
    - target: {fileID: -8679921383154817045, guid: 1a89858aa5dbf6348a0be0ea043ceee3,
        type: 3}
      propertyPath: m_LocalScale.x
      value: 1.0859
      objectReference: {fileID: 0}
    - target: {fileID: -8679921383154817045, guid: 1a89858aa5dbf6348a0be0ea043ceee3,
        type: 3}
      propertyPath: m_LocalScale.y
      value: 1.0859
      objectReference: {fileID: 0}
    - target: {fileID: -8679921383154817045, guid: 1a89858aa5dbf6348a0be0ea043ceee3,
        type: 3}
      propertyPath: m_LocalScale.z
      value: 1.0859
      objectReference: {fileID: 0}
    - target: {fileID: -6919504344415400646, guid: 1a89858aa5dbf6348a0be0ea043ceee3,
        type: 3}
      propertyPath: m_Materials.Array.data[0]
      value: 
      objectReference: {fileID: 2100000, guid: 26d958a1b768e644299272f2e0db1063, type: 2}
    - target: {fileID: 919132149155446097, guid: 1a89858aa5dbf6348a0be0ea043ceee3,
        type: 3}
      propertyPath: m_Name
      value: Coffin Variant
      objectReference: {fileID: 0}
    - target: {fileID: 2974426114872293732, guid: 1a89858aa5dbf6348a0be0ea043ceee3,
        type: 3}
      propertyPath: m_IsActive
      value: 0
      objectReference: {fileID: 0}
    m_RemovedComponents: []
  m_SourcePrefab: {fileID: 100100000, guid: 1a89858aa5dbf6348a0be0ea043ceee3, type: 3}
--- !u!1 &6534046284792935784 stripped
GameObject:
  m_CorrespondingSourceObject: {fileID: 7116778902209872507, guid: 1a89858aa5dbf6348a0be0ea043ceee3,
    type: 3}
  m_PrefabInstance: {fileID: 4066320342610474771}
  m_PrefabAsset: {fileID: 0}
--- !u!4 &8132961794817253982 stripped
Transform:
  m_CorrespondingSourceObject: {fileID: 5237806659335230797, guid: 1a89858aa5dbf6348a0be0ea043ceee3,
    type: 3}
  m_PrefabInstance: {fileID: 4066320342610474771}
  m_PrefabAsset: {fileID: 0}
--- !u!1 &1236572368569519735 stripped
GameObject:
  m_CorrespondingSourceObject: {fileID: 2974426114872293732, guid: 1a89858aa5dbf6348a0be0ea043ceee3,
    type: 3}
  m_PrefabInstance: {fileID: 4066320342610474771}
  m_PrefabAsset: {fileID: 0}
