%YAML 1.1
%TAG !u! tag:unity3d.com,2011:
--- !u!1 &2486218111939876810
GameObject:
  m_ObjectHideFlags: 0
  m_CorrespondingSourceObject: {fileID: 0}
  m_PrefabInstance: {fileID: 0}
  m_PrefabAsset: {fileID: 0}
  serializedVersion: 6
  m_Component:
  - component: {fileID: 2486218111939876813}
  - component: {fileID: 2486218111939876812}
  - component: {fileID: 2486218111939876811}
  - component: {fileID: 8722357084517446840}
  - component: {fileID: 7272583376749991974}
  m_Layer: 10
  m_Name: itemFood
  m_TagString: Untagged
  m_Icon: {fileID: 0}
  m_NavMeshLayer: 0
  m_StaticEditorFlags: 0
  m_IsActive: 1
--- !u!4 &2486218111939876813
Transform:
  m_ObjectHideFlags: 0
  m_CorrespondingSourceObject: {fileID: 0}
  m_PrefabInstance: {fileID: 0}
  m_PrefabAsset: {fileID: 0}
  m_GameObject: {fileID: 2486218111939876810}
  m_LocalRotation: {x: 0, y: 0, z: 0, w: 1}
  m_LocalPosition: {x: -0.49, y: 0.57, z: -2.14}
  m_LocalScale: {x: 1, y: 1, z: 1}
  m_Children:
  - {fileID: 3583920593817960412}
  m_Father: {fileID: 0}
  m_RootOrder: 0
  m_LocalEulerAnglesHint: {x: 0, y: 0, z: 0}
--- !u!65 &2486218111939876812
BoxCollider:
  m_ObjectHideFlags: 0
  m_CorrespondingSourceObject: {fileID: 0}
  m_PrefabInstance: {fileID: 0}
  m_PrefabAsset: {fileID: 0}
  m_GameObject: {fileID: 2486218111939876810}
  m_Material: {fileID: 0}
  m_IsTrigger: 1
  m_Enabled: 1
  serializedVersion: 2
  m_Size: {x: 0.5, y: 0.7, z: 0.5}
  m_Center: {x: 0, y: 0, z: 0}
--- !u!114 &2486218111939876811
MonoBehaviour:
  m_ObjectHideFlags: 0
  m_CorrespondingSourceObject: {fileID: 0}
  m_PrefabInstance: {fileID: 0}
  m_PrefabAsset: {fileID: 0}
  m_GameObject: {fileID: 2486218111939876810}
  m_Enabled: 1
  m_EditorHideFlags: 0
  m_Script: {fileID: 11500000, guid: 72e083747562ac340877bc2ab8cb06a3, type: 3}
  m_Name: 
  m_EditorClassIdentifier: 
  MyRenderer: {fileID: 0}
  HighlightShader: 0
  RB: {fileID: 8722357084517446840}
  IsPhone: 0
  IsFood: 1
  IsDrink: 0
  IsNumber: 0
  NumberBackground: {fileID: 0}
  bottle: 0
--- !u!54 &8722357084517446840
Rigidbody:
  m_ObjectHideFlags: 0
  m_CorrespondingSourceObject: {fileID: 0}
  m_PrefabInstance: {fileID: 0}
  m_PrefabAsset: {fileID: 0}
  m_GameObject: {fileID: 2486218111939876810}
  serializedVersion: 2
  m_Mass: 1
  m_Drag: 0
  m_AngularDrag: 0.05
  m_UseGravity: 1
  m_IsKinematic: 0
  m_Interpolate: 0
  m_Constraints: 0
  m_CollisionDetection: 0
--- !u!114 &7272583376749991974
MonoBehaviour:
  m_ObjectHideFlags: 0
  m_CorrespondingSourceObject: {fileID: 0}
  m_PrefabInstance: {fileID: 0}
  m_PrefabAsset: {fileID: 0}
  m_GameObject: {fileID: 2486218111939876810}
  m_Enabled: 1
  m_EditorHideFlags: 0
  m_Script: {fileID: 11500000, guid: 6ef1669dc91e07347b1b05cd13ee664a, type: 3}
  m_Name: 
  m_EditorClassIdentifier: 
--- !u!1001 &7489270285489249687
PrefabInstance:
  m_ObjectHideFlags: 0
  serializedVersion: 2
  m_Modification:
    m_TransformParent: {fileID: 2486218111939876813}
    m_Modifications:
    - target: {fileID: 6220490812518589003, guid: 69bbffbfdd2639540b6a8e7a882a94d6,
        type: 3}
      propertyPath: m_LocalPosition.x
      value: 0
      objectReference: {fileID: 0}
    - target: {fileID: 6220490812518589003, guid: 69bbffbfdd2639540b6a8e7a882a94d6,
        type: 3}
      propertyPath: m_LocalPosition.y
      value: 0
      objectReference: {fileID: 0}
    - target: {fileID: 6220490812518589003, guid: 69bbffbfdd2639540b6a8e7a882a94d6,
        type: 3}
      propertyPath: m_LocalPosition.z
      value: 0
      objectReference: {fileID: 0}
    - target: {fileID: 6220490812518589003, guid: 69bbffbfdd2639540b6a8e7a882a94d6,
        type: 3}
      propertyPath: m_LocalRotation.x
      value: 0.08218008
      objectReference: {fileID: 0}
    - target: {fileID: 6220490812518589003, guid: 69bbffbfdd2639540b6a8e7a882a94d6,
        type: 3}
      propertyPath: m_LocalRotation.y
      value: -0.054333717
      objectReference: {fileID: 0}
    - target: {fileID: 6220490812518589003, guid: 69bbffbfdd2639540b6a8e7a882a94d6,
        type: 3}
      propertyPath: m_LocalRotation.z
      value: -0.012091024
      objectReference: {fileID: 0}
    - target: {fileID: 6220490812518589003, guid: 69bbffbfdd2639540b6a8e7a882a94d6,
        type: 3}
      propertyPath: m_LocalRotation.w
      value: 0.9950619
      objectReference: {fileID: 0}
    - target: {fileID: 6220490812518589003, guid: 69bbffbfdd2639540b6a8e7a882a94d6,
        type: 3}
      propertyPath: m_RootOrder
      value: 0
      objectReference: {fileID: 0}
    - target: {fileID: 6220490812518589003, guid: 69bbffbfdd2639540b6a8e7a882a94d6,
        type: 3}
      propertyPath: m_LocalEulerAnglesHint.x
      value: 0
      objectReference: {fileID: 0}
    - target: {fileID: 6220490812518589003, guid: 69bbffbfdd2639540b6a8e7a882a94d6,
        type: 3}
      propertyPath: m_LocalEulerAnglesHint.y
      value: 0
      objectReference: {fileID: 0}
    - target: {fileID: 6220490812518589003, guid: 69bbffbfdd2639540b6a8e7a882a94d6,
        type: 3}
      propertyPath: m_LocalEulerAnglesHint.z
      value: 0
      objectReference: {fileID: 0}
    - target: {fileID: 6708199344483350769, guid: 69bbffbfdd2639540b6a8e7a882a94d6,
        type: 3}
      propertyPath: m_Name
      value: burger Variant
      objectReference: {fileID: 0}
    - target: {fileID: 6708199344483350769, guid: 69bbffbfdd2639540b6a8e7a882a94d6,
        type: 3}
      propertyPath: m_Layer
      value: 9
      objectReference: {fileID: 0}
    m_RemovedComponents:
    - {fileID: 1742501215, guid: 69bbffbfdd2639540b6a8e7a882a94d6, type: 3}
  m_SourcePrefab: {fileID: 100100000, guid: 69bbffbfdd2639540b6a8e7a882a94d6, type: 3}
--- !u!4 &3583920593817960412 stripped
Transform:
  m_CorrespondingSourceObject: {fileID: 6220490812518589003, guid: 69bbffbfdd2639540b6a8e7a882a94d6,
    type: 3}
  m_PrefabInstance: {fileID: 7489270285489249687}
  m_PrefabAsset: {fileID: 0}
