%YAML 1.1
%TAG !u! tag:unity3d.com,2011:
--- !u!1 &7290432384746502230
GameObject:
  m_ObjectHideFlags: 0
  m_CorrespondingSourceObject: {fileID: 0}
  m_PrefabInstance: {fileID: 0}
  m_PrefabAsset: {fileID: 0}
  serializedVersion: 6
  m_Component:
  - component: {fileID: 7290432384746502225}
  - component: {fileID: 7290432384746502224}
  - component: {fileID: 7290432384746502231}
  - component: {fileID: 4512617949672381220}
  - component: {fileID: 2540429996549748666}
  m_Layer: 10
  m_Name: itemBeerCanMaster
  m_TagString: can
  m_Icon: {fileID: 0}
  m_NavMeshLayer: 0
  m_StaticEditorFlags: 0
  m_IsActive: 1
--- !u!4 &7290432384746502225
Transform:
  m_ObjectHideFlags: 0
  m_CorrespondingSourceObject: {fileID: 0}
  m_PrefabInstance: {fileID: 0}
  m_PrefabAsset: {fileID: 0}
  m_GameObject: {fileID: 7290432384746502230}
  m_LocalRotation: {x: 0, y: 0, z: 0, w: 1}
  m_LocalPosition: {x: -0.988, y: -1.66, z: -0.496}
  m_LocalScale: {x: 0.5, y: 0.5, z: 0.5}
  m_Children:
  - {fileID: 8142659108669533726}
  m_Father: {fileID: 0}
  m_RootOrder: 0
  m_LocalEulerAnglesHint: {x: 0, y: 0, z: 0}
--- !u!65 &7290432384746502224
BoxCollider:
  m_ObjectHideFlags: 0
  m_CorrespondingSourceObject: {fileID: 0}
  m_PrefabInstance: {fileID: 0}
  m_PrefabAsset: {fileID: 0}
  m_GameObject: {fileID: 7290432384746502230}
  m_Material: {fileID: 0}
  m_IsTrigger: 1
  m_Enabled: 1
  serializedVersion: 2
  m_Size: {x: 0.5, y: 0.5, z: 0.5}
  m_Center: {x: 0, y: 0, z: 0}
--- !u!114 &7290432384746502231
MonoBehaviour:
  m_ObjectHideFlags: 0
  m_CorrespondingSourceObject: {fileID: 0}
  m_PrefabInstance: {fileID: 0}
  m_PrefabAsset: {fileID: 0}
  m_GameObject: {fileID: 7290432384746502230}
  m_Enabled: 1
  m_EditorHideFlags: 0
  m_Script: {fileID: 11500000, guid: 72e083747562ac340877bc2ab8cb06a3, type: 3}
  m_Name: 
  m_EditorClassIdentifier: 
  MyRenderer: {fileID: 0}
  HighlightShader: 0
  RB: {fileID: 4512617949672381220}
  IsPhone: 0
  IsFood: 0
  IsDrink: 1
  IsNumber: 0
  NumberBackground: {fileID: 0}
--- !u!54 &4512617949672381220
Rigidbody:
  m_ObjectHideFlags: 0
  m_CorrespondingSourceObject: {fileID: 0}
  m_PrefabInstance: {fileID: 0}
  m_PrefabAsset: {fileID: 0}
  m_GameObject: {fileID: 7290432384746502230}
  serializedVersion: 2
  m_Mass: 1
  m_Drag: 0
  m_AngularDrag: 0.05
  m_UseGravity: 1
  m_IsKinematic: 0
  m_Interpolate: 0
  m_Constraints: 0
  m_CollisionDetection: 0
--- !u!114 &2540429996549748666
MonoBehaviour:
  m_ObjectHideFlags: 0
  m_CorrespondingSourceObject: {fileID: 0}
  m_PrefabInstance: {fileID: 0}
  m_PrefabAsset: {fileID: 0}
  m_GameObject: {fileID: 7290432384746502230}
  m_Enabled: 1
  m_EditorHideFlags: 0
  m_Script: {fileID: 11500000, guid: 6ef1669dc91e07347b1b05cd13ee664a, type: 3}
  m_Name: 
  m_EditorClassIdentifier: 
--- !u!136 &6314290169413347097
CapsuleCollider:
  m_ObjectHideFlags: 0
  m_CorrespondingSourceObject: {fileID: 0}
  m_PrefabInstance: {fileID: 0}
  m_PrefabAsset: {fileID: 0}
  m_GameObject: {fileID: 8812236042429592740}
  m_Material: {fileID: 0}
  m_IsTrigger: 0
  m_Enabled: 1
  m_Radius: 0.17911077
  m_Height: 0.6452419
  m_Direction: 1
  m_Center: {x: 0.0000000745058, y: 0.033964362, z: -0.00000001490116}
--- !u!65 &8819753360548562298
BoxCollider:
  m_ObjectHideFlags: 0
  m_CorrespondingSourceObject: {fileID: 0}
  m_PrefabInstance: {fileID: 0}
  m_PrefabAsset: {fileID: 0}
  m_GameObject: {fileID: 8812236042429592740}
  m_Material: {fileID: 0}
  m_IsTrigger: 0
  m_Enabled: 1
  serializedVersion: 2
  m_Size: {x: 0.2, y: 0.6452419, z: 0.2}
  m_Center: {x: 0.0000000745058, y: 0.033964362, z: -0.00000001490116}
--- !u!1001 &8541692609568295413
PrefabInstance:
  m_ObjectHideFlags: 0
  serializedVersion: 2
  m_Modification:
    m_TransformParent: {fileID: 7290432384746502225}
    m_Modifications:
    - target: {fileID: -8679921383154817045, guid: 9a4610b6195921e41b5bfb8395256066,
        type: 3}
      propertyPath: m_LocalPosition.x
      value: -0
      objectReference: {fileID: 0}
    - target: {fileID: -8679921383154817045, guid: 9a4610b6195921e41b5bfb8395256066,
        type: 3}
      propertyPath: m_LocalPosition.y
      value: 0
      objectReference: {fileID: 0}
    - target: {fileID: -8679921383154817045, guid: 9a4610b6195921e41b5bfb8395256066,
        type: 3}
      propertyPath: m_LocalPosition.z
      value: 0
      objectReference: {fileID: 0}
    - target: {fileID: -8679921383154817045, guid: 9a4610b6195921e41b5bfb8395256066,
        type: 3}
      propertyPath: m_LocalRotation.x
      value: 0
      objectReference: {fileID: 0}
    - target: {fileID: -8679921383154817045, guid: 9a4610b6195921e41b5bfb8395256066,
        type: 3}
      propertyPath: m_LocalRotation.y
      value: -0
      objectReference: {fileID: 0}
    - target: {fileID: -8679921383154817045, guid: 9a4610b6195921e41b5bfb8395256066,
        type: 3}
      propertyPath: m_LocalRotation.z
      value: -0
      objectReference: {fileID: 0}
    - target: {fileID: -8679921383154817045, guid: 9a4610b6195921e41b5bfb8395256066,
        type: 3}
      propertyPath: m_LocalRotation.w
      value: 1
      objectReference: {fileID: 0}
    - target: {fileID: -8679921383154817045, guid: 9a4610b6195921e41b5bfb8395256066,
        type: 3}
      propertyPath: m_RootOrder
      value: 0
      objectReference: {fileID: 0}
    - target: {fileID: -8679921383154817045, guid: 9a4610b6195921e41b5bfb8395256066,
        type: 3}
      propertyPath: m_LocalEulerAnglesHint.x
      value: 0
      objectReference: {fileID: 0}
    - target: {fileID: -8679921383154817045, guid: 9a4610b6195921e41b5bfb8395256066,
        type: 3}
      propertyPath: m_LocalEulerAnglesHint.y
      value: 0
      objectReference: {fileID: 0}
    - target: {fileID: -8679921383154817045, guid: 9a4610b6195921e41b5bfb8395256066,
        type: 3}
      propertyPath: m_LocalEulerAnglesHint.z
      value: 0
      objectReference: {fileID: 0}
    - target: {fileID: -8679921383154817045, guid: 9a4610b6195921e41b5bfb8395256066,
        type: 3}
      propertyPath: m_LocalScale.x
      value: 0.7
      objectReference: {fileID: 0}
    - target: {fileID: -8679921383154817045, guid: 9a4610b6195921e41b5bfb8395256066,
        type: 3}
      propertyPath: m_LocalScale.y
      value: 0.7
      objectReference: {fileID: 0}
    - target: {fileID: -8679921383154817045, guid: 9a4610b6195921e41b5bfb8395256066,
        type: 3}
      propertyPath: m_LocalScale.z
      value: 0.7
      objectReference: {fileID: 0}
    - target: {fileID: -7511558181221131132, guid: 9a4610b6195921e41b5bfb8395256066,
        type: 3}
      propertyPath: m_Materials.Array.data[0]
      value: 
      objectReference: {fileID: 2100000, guid: 03ac0bb6e12f63c43830db6d8d356122, type: 2}
    - target: {fileID: 919132149155446097, guid: 9a4610b6195921e41b5bfb8395256066,
        type: 3}
      propertyPath: m_Name
      value: BeerCan
      objectReference: {fileID: 0}
    - target: {fileID: 919132149155446097, guid: 9a4610b6195921e41b5bfb8395256066,
        type: 3}
      propertyPath: m_Layer
      value: 9
      objectReference: {fileID: 0}
    m_RemovedComponents: []
  m_SourcePrefab: {fileID: 100100000, guid: 9a4610b6195921e41b5bfb8395256066, type: 3}
--- !u!1 &8812236042429592740 stripped
GameObject:
  m_CorrespondingSourceObject: {fileID: 919132149155446097, guid: 9a4610b6195921e41b5bfb8395256066,
    type: 3}
  m_PrefabInstance: {fileID: 8541692609568295413}
  m_PrefabAsset: {fileID: 0}
--- !u!4 &8142659108669533726 stripped
Transform:
  m_CorrespondingSourceObject: {fileID: -8679921383154817045, guid: 9a4610b6195921e41b5bfb8395256066,
    type: 3}
  m_PrefabInstance: {fileID: 8541692609568295413}
  m_PrefabAsset: {fileID: 0}
