%YAML 1.1
%TAG !u! tag:unity3d.com,2011:
--- !u!1 &236140542180979744
GameObject:
  m_ObjectHideFlags: 0
  m_CorrespondingSourceObject: {fileID: 0}
  m_PrefabInstance: {fileID: 0}
  m_PrefabAsset: {fileID: 0}
  serializedVersion: 6
  m_Component:
  - component: {fileID: 8352561696638634932}
  m_Layer: 0
  m_Name: Upneck
  m_TagString: Untagged
  m_Icon: {fileID: 0}
  m_NavMeshLayer: 0
  m_StaticEditorFlags: 0
  m_IsActive: 1
--- !u!4 &8352561696638634932
Transform:
  m_ObjectHideFlags: 0
  m_CorrespondingSourceObject: {fileID: 0}
  m_PrefabInstance: {fileID: 0}
  m_PrefabAsset: {fileID: 0}
  m_GameObject: {fileID: 236140542180979744}
  m_LocalRotation: {x: 0.18841349, y: 0.25708687, z: 0.04000896, w: 0.9469984}
  m_LocalPosition: {x: 0.0000000059604646, y: 0.08627127, z: -0.000000017881394}
  m_LocalScale: {x: 1.0000001, y: 1.0000001, z: 1.0000002}
  m_Children:
  - {fileID: 6725715932006871348}
  - {fileID: 8862316002424112682}
  - {fileID: 6177765261399028845}
  - {fileID: 3977161654337013304}
  - {fileID: 3367211872240604076}
  - {fileID: 6725124933675624527}
  - {fileID: 1776061634192475197}
  - {fileID: 3590613535837516378}
  - {fileID: 4117408951804318769}
  - {fileID: 8341718958090285805}
  m_Father: {fileID: 2444814616923840838}
  m_RootOrder: 0
  m_LocalEulerAnglesHint: {x: 0, y: 0, z: 0}
--- !u!1 &420121297098027381
GameObject:
  m_ObjectHideFlags: 0
  m_CorrespondingSourceObject: {fileID: 0}
  m_PrefabInstance: {fileID: 0}
  m_PrefabAsset: {fileID: 0}
  serializedVersion: 6
  m_Component:
  - component: {fileID: 1728882916903553973}
  m_Layer: 0
  m_Name: LeftForearm
  m_TagString: Untagged
  m_Icon: {fileID: 0}
  m_NavMeshLayer: 0
  m_StaticEditorFlags: 0
  m_IsActive: 1
--- !u!4 &1728882916903553973
Transform:
  m_ObjectHideFlags: 0
  m_CorrespondingSourceObject: {fileID: 0}
  m_PrefabInstance: {fileID: 0}
  m_PrefabAsset: {fileID: 0}
  m_GameObject: {fileID: 420121297098027381}
  m_LocalRotation: {x: 0.63152665, y: -0.18010335, z: 0.53878903, w: 0.52767724}
  m_LocalPosition: {x: 2.7939678e-10, y: 0.32522544, z: 0.000000025331975}
  m_LocalScale: {x: 1, y: 0.9999998, z: 0.99999994}
  m_Children:
  - {fileID: 8754649752916608482}
  m_Father: {fileID: 8748059695042410604}
  m_RootOrder: 0
  m_LocalEulerAnglesHint: {x: 0, y: 0, z: 0}
--- !u!1 &458041828150204721
GameObject:
  m_ObjectHideFlags: 0
  m_CorrespondingSourceObject: {fileID: 0}
  m_PrefabInstance: {fileID: 0}
  m_PrefabAsset: {fileID: 0}
  serializedVersion: 6
  m_Component:
  - component: {fileID: 6962750376803213353}
  m_Layer: 0
  m_Name: Bone.070
  m_TagString: Untagged
  m_Icon: {fileID: 0}
  m_NavMeshLayer: 0
  m_StaticEditorFlags: 0
  m_IsActive: 1
--- !u!4 &6962750376803213353
Transform:
  m_ObjectHideFlags: 0
  m_CorrespondingSourceObject: {fileID: 0}
  m_PrefabInstance: {fileID: 0}
  m_PrefabAsset: {fileID: 0}
  m_GameObject: {fileID: 458041828150204721}
  m_LocalRotation: {x: 0.04645426, y: 0.010303202, z: 0.0077307173, w: 0.99883735}
  m_LocalPosition: {x: 0.000000018067658, y: 0.026788363, z: 0.00000014980324}
  m_LocalScale: {x: 1.0000001, y: 1.0000001, z: 1.0000001}
  m_Children: []
  m_Father: {fileID: 5202895374767567961}
  m_RootOrder: 0
  m_LocalEulerAnglesHint: {x: 0, y: 0, z: 0}
--- !u!1 &559210036836506848
GameObject:
  m_ObjectHideFlags: 0
  m_CorrespondingSourceObject: {fileID: 0}
  m_PrefabInstance: {fileID: 0}
  m_PrefabAsset: {fileID: 0}
  serializedVersion: 6
  m_Component:
  - component: {fileID: 726791362965149193}
  m_Layer: 0
  m_Name: RightArm
  m_TagString: Untagged
  m_Icon: {fileID: 0}
  m_NavMeshLayer: 0
  m_StaticEditorFlags: 0
  m_IsActive: 1
--- !u!4 &726791362965149193
Transform:
  m_ObjectHideFlags: 0
  m_CorrespondingSourceObject: {fileID: 0}
  m_PrefabInstance: {fileID: 0}
  m_PrefabAsset: {fileID: 0}
  m_GameObject: {fileID: 559210036836506848}
  m_LocalRotation: {x: 0.20876966, y: 0.058567535, z: -0.4741392, w: 0.85333294}
  m_LocalPosition: {x: 0.000000023841858, y: 0.2051159, z: -0.0000000044703485}
  m_LocalScale: {x: 0.99999994, y: 1, z: 1}
  m_Children:
  - {fileID: 2674763520456159630}
  m_Father: {fileID: 8385974682040683446}
  m_RootOrder: 0
  m_LocalEulerAnglesHint: {x: 0, y: 0, z: 0}
--- !u!1 &807248854031140730
GameObject:
  m_ObjectHideFlags: 0
  m_CorrespondingSourceObject: {fileID: 0}
  m_PrefabInstance: {fileID: 0}
  m_PrefabAsset: {fileID: 0}
  serializedVersion: 6
  m_Component:
  - component: {fileID: 962837599368761871}
  m_Layer: 0
  m_Name: Bone.039
  m_TagString: Untagged
  m_Icon: {fileID: 0}
  m_NavMeshLayer: 0
  m_StaticEditorFlags: 0
  m_IsActive: 1
--- !u!4 &962837599368761871
Transform:
  m_ObjectHideFlags: 0
  m_CorrespondingSourceObject: {fileID: 0}
  m_PrefabInstance: {fileID: 0}
  m_PrefabAsset: {fileID: 0}
  m_GameObject: {fileID: 807248854031140730}
  m_LocalRotation: {x: -0.24584776, y: -0.32555, z: -0.15613523, w: 0.89955425}
  m_LocalPosition: {x: 0.029775102, y: 0.087066844, z: -0.030374182}
  m_LocalScale: {x: 0.99999994, y: 1, z: 1}
  m_Children:
  - {fileID: 2752800837779305568}
  m_Father: {fileID: 882861950710669138}
  m_RootOrder: 0
  m_LocalEulerAnglesHint: {x: 0, y: 0, z: 0}
--- !u!1 &1351208388628208765
GameObject:
  m_ObjectHideFlags: 0
  m_CorrespondingSourceObject: {fileID: 0}
  m_PrefabInstance: {fileID: 0}
  m_PrefabAsset: {fileID: 0}
  serializedVersion: 6
  m_Component:
  - component: {fileID: 882861950710669138}
  m_Layer: 0
  m_Name: RightForearm.001
  m_TagString: Untagged
  m_Icon: {fileID: 0}
  m_NavMeshLayer: 0
  m_StaticEditorFlags: 0
  m_IsActive: 1
--- !u!4 &882861950710669138
Transform:
  m_ObjectHideFlags: 0
  m_CorrespondingSourceObject: {fileID: 0}
  m_PrefabInstance: {fileID: 0}
  m_PrefabAsset: {fileID: 0}
  m_GameObject: {fileID: 1351208388628208765}
  m_LocalRotation: {x: 0.07079336, y: 0.3364866, z: -0.03942626, w: 0.93819547}
  m_LocalPosition: {x: 0.000000009685755, y: 0.30564722, z: 0.00000007599592}
  m_LocalScale: {x: 0.99999994, y: 0.99999994, z: 1}
  m_Children:
  - {fileID: 962837599368761871}
  - {fileID: 3955279319726199810}
  - {fileID: 7208732652017548022}
  - {fileID: 4425855594363722095}
  - {fileID: 6657121545951861092}
  m_Father: {fileID: 2674763520456159630}
  m_RootOrder: 0
  m_LocalEulerAnglesHint: {x: 0, y: 0, z: 0}
--- !u!1 &1414924186915270356
GameObject:
  m_ObjectHideFlags: 0
  m_CorrespondingSourceObject: {fileID: 0}
  m_PrefabInstance: {fileID: 0}
  m_PrefabAsset: {fileID: 0}
  serializedVersion: 6
  m_Component:
  - component: {fileID: 5651462410756433038}
  m_Layer: 0
  m_Name: Belly
  m_TagString: Untagged
  m_Icon: {fileID: 0}
  m_NavMeshLayer: 0
  m_StaticEditorFlags: 0
  m_IsActive: 1
--- !u!4 &5651462410756433038
Transform:
  m_ObjectHideFlags: 0
  m_CorrespondingSourceObject: {fileID: 0}
  m_PrefabInstance: {fileID: 0}
  m_PrefabAsset: {fileID: 0}
  m_GameObject: {fileID: 1414924186915270356}
  m_LocalRotation: {x: 0.5336454, y: 0.000000036967094, z: 0.000000023326379, w: 0.8457084}
  m_LocalPosition: {x: -0, y: 0.10000006, z: 0.000000020861625}
  m_LocalScale: {x: 1, y: 1, z: 1}
  m_Children: []
  m_Father: {fileID: 5818258632439257585}
  m_RootOrder: 0
  m_LocalEulerAnglesHint: {x: 0, y: 0, z: 0}
--- !u!1 &1604004351872456261
GameObject:
  m_ObjectHideFlags: 0
  m_CorrespondingSourceObject: {fileID: 0}
  m_PrefabInstance: {fileID: 0}
  m_PrefabAsset: {fileID: 0}
  serializedVersion: 6
  m_Component:
  - component: {fileID: 3148018928496248089}
  m_Layer: 0
  m_Name: Bone.062
  m_TagString: Untagged
  m_Icon: {fileID: 0}
  m_NavMeshLayer: 0
  m_StaticEditorFlags: 0
  m_IsActive: 1
--- !u!4 &3148018928496248089
Transform:
  m_ObjectHideFlags: 0
  m_CorrespondingSourceObject: {fileID: 0}
  m_PrefabInstance: {fileID: 0}
  m_PrefabAsset: {fileID: 0}
  m_GameObject: {fileID: 1604004351872456261}
  m_LocalRotation: {x: 0.06423263, y: 0.007718045, z: -0.045796152, w: 0.9968537}
  m_LocalPosition: {x: -0.000000010896474, y: 0.033096176, z: 0.0000000037252903}
  m_LocalScale: {x: 1.0000001, y: 1.0000001, z: 0.99999994}
  m_Children: []
  m_Father: {fileID: 5107657503368997692}
  m_RootOrder: 0
  m_LocalEulerAnglesHint: {x: 0, y: 0, z: 0}
--- !u!1 &1632071132963794232
GameObject:
  m_ObjectHideFlags: 0
  m_CorrespondingSourceObject: {fileID: 0}
  m_PrefabInstance: {fileID: 0}
  m_PrefabAsset: {fileID: 0}
  serializedVersion: 6
  m_Component:
  - component: {fileID: 27767054673181691}
  m_Layer: 0
  m_Name: RightPelvis
  m_TagString: Untagged
  m_Icon: {fileID: 0}
  m_NavMeshLayer: 0
  m_StaticEditorFlags: 0
  m_IsActive: 1
--- !u!4 &27767054673181691
Transform:
  m_ObjectHideFlags: 0
  m_CorrespondingSourceObject: {fileID: 0}
  m_PrefabInstance: {fileID: 0}
  m_PrefabAsset: {fileID: 0}
  m_GameObject: {fileID: 1632071132963794232}
  m_LocalRotation: {x: -0.21756518, y: 0.05079827, z: -0.7052798, w: 0.67280406}
  m_LocalPosition: {x: -0, y: 0, z: 1.0247586}
  m_LocalScale: {x: 0.99999994, y: 1, z: 1}
  m_Children:
  - {fileID: 8832017857302575018}
  m_Father: {fileID: 5047513355250032996}
  m_RootOrder: 2
  m_LocalEulerAnglesHint: {x: 0, y: 0, z: 0}
--- !u!1 &1699579551043149081
GameObject:
  m_ObjectHideFlags: 0
  m_CorrespondingSourceObject: {fileID: 0}
  m_PrefabInstance: {fileID: 0}
  m_PrefabAsset: {fileID: 0}
  serializedVersion: 6
  m_Component:
  - component: {fileID: 7760862760061691542}
  m_Layer: 0
  m_Name: Bone.068
  m_TagString: Untagged
  m_Icon: {fileID: 0}
  m_NavMeshLayer: 0
  m_StaticEditorFlags: 0
  m_IsActive: 1
--- !u!4 &7760862760061691542
Transform:
  m_ObjectHideFlags: 0
  m_CorrespondingSourceObject: {fileID: 0}
  m_PrefabInstance: {fileID: 0}
  m_PrefabAsset: {fileID: 0}
  m_GameObject: {fileID: 1699579551043149081}
  m_LocalRotation: {x: -0.006768374, y: 0.007604503, z: 0.017234445, w: 0.99979967}
  m_LocalPosition: {x: -0.00000003501773, y: 0.029491145, z: 0.00000010579824}
  m_LocalScale: {x: 1, y: 0.99999994, z: 1}
  m_Children: []
  m_Father: {fileID: 1794831868440801532}
  m_RootOrder: 0
  m_LocalEulerAnglesHint: {x: 0, y: 0, z: 0}
--- !u!1 &1778521821790068048
GameObject:
  m_ObjectHideFlags: 0
  m_CorrespondingSourceObject: {fileID: 0}
  m_PrefabInstance: {fileID: 0}
  m_PrefabAsset: {fileID: 0}
  serializedVersion: 6
  m_Component:
  - component: {fileID: 900330409686087314}
  m_Layer: 0
  m_Name: Bone.045
  m_TagString: Untagged
  m_Icon: {fileID: 0}
  m_NavMeshLayer: 0
  m_StaticEditorFlags: 0
  m_IsActive: 1
--- !u!4 &900330409686087314
Transform:
  m_ObjectHideFlags: 0
  m_CorrespondingSourceObject: {fileID: 0}
  m_PrefabInstance: {fileID: 0}
  m_PrefabAsset: {fileID: 0}
  m_GameObject: {fileID: 1778521821790068048}
  m_LocalRotation: {x: -0.018536754, y: 0.0118927425, z: -0.11510482, w: 0.99310917}
  m_LocalPosition: {x: -0, y: 0.03621189, z: -0.000000011920929}
  m_LocalScale: {x: 1, y: 1, z: 1.0000001}
  m_Children:
  - {fileID: 4799313189665744308}
  m_Father: {fileID: 3955279319726199810}
  m_RootOrder: 0
  m_LocalEulerAnglesHint: {x: 0, y: 0, z: 0}
--- !u!1 &1780947400791503974
GameObject:
  m_ObjectHideFlags: 0
  m_CorrespondingSourceObject: {fileID: 0}
  m_PrefabInstance: {fileID: 0}
  m_PrefabAsset: {fileID: 0}
  serializedVersion: 6
  m_Component:
  - component: {fileID: 3977161654337013304}
  m_Layer: 0
  m_Name: Bone.020
  m_TagString: Untagged
  m_Icon: {fileID: 0}
  m_NavMeshLayer: 0
  m_StaticEditorFlags: 0
  m_IsActive: 1
--- !u!4 &3977161654337013304
Transform:
  m_ObjectHideFlags: 0
  m_CorrespondingSourceObject: {fileID: 0}
  m_PrefabInstance: {fileID: 0}
  m_PrefabAsset: {fileID: 0}
  m_GameObject: {fileID: 1780947400791503974}
  m_LocalRotation: {x: 0.07636498, y: -0.05661126, z: -0.5981121, w: 0.79575473}
  m_LocalPosition: {x: -0.000000007450581, y: 0.09494515, z: 0.00000007599592}
  m_LocalScale: {x: 0.9999999, y: 0.99999994, z: 0.9999999}
  m_Children: []
  m_Father: {fileID: 8352561696638634932}
  m_RootOrder: 3
  m_LocalEulerAnglesHint: {x: 0, y: 0, z: 0}
--- !u!1 &1843130854399081496
GameObject:
  m_ObjectHideFlags: 0
  m_CorrespondingSourceObject: {fileID: 0}
  m_PrefabInstance: {fileID: 0}
  m_PrefabAsset: {fileID: 0}
  serializedVersion: 6
  m_Component:
  - component: {fileID: 5107657503368997692}
  m_Layer: 0
  m_Name: Bone.060
  m_TagString: Untagged
  m_Icon: {fileID: 0}
  m_NavMeshLayer: 0
  m_StaticEditorFlags: 0
  m_IsActive: 1
--- !u!4 &5107657503368997692
Transform:
  m_ObjectHideFlags: 0
  m_CorrespondingSourceObject: {fileID: 0}
  m_PrefabInstance: {fileID: 0}
  m_PrefabAsset: {fileID: 0}
  m_GameObject: {fileID: 1843130854399081496}
  m_LocalRotation: {x: -0.055375382, y: -0.08435088, z: 0.17421238, w: 0.9795247}
  m_LocalPosition: {x: -0.00000007906929, y: 0.036500398, z: 0.00000006509945}
  m_LocalScale: {x: 0.99999994, y: 1, z: 0.99999994}
  m_Children:
  - {fileID: 3148018928496248089}
  m_Father: {fileID: 1308907544947766217}
  m_RootOrder: 0
  m_LocalEulerAnglesHint: {x: 0, y: 0, z: 0}
--- !u!1 &1870240294309865195
GameObject:
  m_ObjectHideFlags: 0
  m_CorrespondingSourceObject: {fileID: 0}
  m_PrefabInstance: {fileID: 0}
  m_PrefabAsset: {fileID: 0}
  serializedVersion: 6
  m_Component:
  - component: {fileID: 3590613535837516378}
  m_Layer: 0
  m_Name: Bone.024
  m_TagString: Untagged
  m_Icon: {fileID: 0}
  m_NavMeshLayer: 0
  m_StaticEditorFlags: 0
  m_IsActive: 1
--- !u!4 &3590613535837516378
Transform:
  m_ObjectHideFlags: 0
  m_CorrespondingSourceObject: {fileID: 0}
  m_PrefabInstance: {fileID: 0}
  m_PrefabAsset: {fileID: 0}
  m_GameObject: {fileID: 1870240294309865195}
  m_LocalRotation: {x: 0.38616684, y: -0.32753393, z: -0.36481604, w: 0.7813488}
  m_LocalPosition: {x: 0.03516787, y: 0.13300377, z: 0.078311466}
  m_LocalScale: {x: 1, y: 1, z: 1}
  m_Children: []
  m_Father: {fileID: 8352561696638634932}
  m_RootOrder: 7
  m_LocalEulerAnglesHint: {x: 0, y: 0, z: 0}
--- !u!1 &1898119416050289704
GameObject:
  m_ObjectHideFlags: 0
  m_CorrespondingSourceObject: {fileID: 0}
  m_PrefabInstance: {fileID: 0}
  m_PrefabAsset: {fileID: 0}
  serializedVersion: 6
  m_Component:
  - component: {fileID: 1508821944201587570}
  m_Layer: 0
  m_Name: Bone.061
  m_TagString: Untagged
  m_Icon: {fileID: 0}
  m_NavMeshLayer: 0
  m_StaticEditorFlags: 0
  m_IsActive: 1
--- !u!4 &1508821944201587570
Transform:
  m_ObjectHideFlags: 0
  m_CorrespondingSourceObject: {fileID: 0}
  m_PrefabInstance: {fileID: 0}
  m_PrefabAsset: {fileID: 0}
  m_GameObject: {fileID: 1898119416050289704}
  m_LocalRotation: {x: -0.042778265, y: 0.013656398, z: -0.10129072, w: 0.9938429}
  m_LocalPosition: {x: -0, y: 0.0367827, z: 0}
  m_LocalScale: {x: 1, y: 0.99999994, z: 1.0000001}
  m_Children:
  - {fileID: 6148882764753730316}
  m_Father: {fileID: 4425855594363722095}
  m_RootOrder: 0
  m_LocalEulerAnglesHint: {x: 0, y: 0, z: 0}
--- !u!1 &1927966672523870813
GameObject:
  m_ObjectHideFlags: 0
  m_CorrespondingSourceObject: {fileID: 0}
  m_PrefabInstance: {fileID: 0}
  m_PrefabAsset: {fileID: 0}
  serializedVersion: 6
  m_Component:
  - component: {fileID: 5410139210913470890}
  m_Layer: 0
  m_Name: RightTiddy
  m_TagString: Untagged
  m_Icon: {fileID: 0}
  m_NavMeshLayer: 0
  m_StaticEditorFlags: 0
  m_IsActive: 1
--- !u!4 &5410139210913470890
Transform:
  m_ObjectHideFlags: 0
  m_CorrespondingSourceObject: {fileID: 0}
  m_PrefabInstance: {fileID: 0}
  m_PrefabAsset: {fileID: 0}
  m_GameObject: {fileID: 1927966672523870813}
  m_LocalRotation: {x: 0.44664067, y: -0.21013997, z: -0.6743541, w: 0.5491812}
  m_LocalPosition: {x: 0.000000032782555, y: 0.13192207, z: 5.5879357e-10}
  m_LocalScale: {x: 0.9999999, y: 0.9999998, z: 0.9999998}
  m_Children: []
  m_Father: {fileID: 832901043536341246}
  m_RootOrder: 1
  m_LocalEulerAnglesHint: {x: 0, y: 0, z: 0}
--- !u!1 &1942395809603169728
GameObject:
  m_ObjectHideFlags: 0
  m_CorrespondingSourceObject: {fileID: 0}
  m_PrefabInstance: {fileID: 0}
  m_PrefabAsset: {fileID: 0}
  serializedVersion: 6
  m_Component:
  - component: {fileID: 3955279319726199810}
  m_Layer: 0
  m_Name: Bone.043
  m_TagString: Untagged
  m_Icon: {fileID: 0}
  m_NavMeshLayer: 0
  m_StaticEditorFlags: 0
  m_IsActive: 1
--- !u!4 &3955279319726199810
Transform:
  m_ObjectHideFlags: 0
  m_CorrespondingSourceObject: {fileID: 0}
  m_PrefabInstance: {fileID: 0}
  m_PrefabAsset: {fileID: 0}
  m_GameObject: {fileID: 1942395809603169728}
  m_LocalRotation: {x: -0.06910674, y: -0.38550502, z: -0.10705627, w: 0.913865}
  m_LocalPosition: {x: 0.017632063, y: 0.107766025, z: -0.027686937}
  m_LocalScale: {x: 1, y: 0.9999999, z: 0.99999994}
  m_Children:
  - {fileID: 900330409686087314}
  m_Father: {fileID: 882861950710669138}
  m_RootOrder: 1
  m_LocalEulerAnglesHint: {x: 0, y: 0, z: 0}
--- !u!1 &2063154626186483046
GameObject:
  m_ObjectHideFlags: 0
  m_CorrespondingSourceObject: {fileID: 0}
  m_PrefabInstance: {fileID: 0}
  m_PrefabAsset: {fileID: 0}
  serializedVersion: 6
  m_Component:
  - component: {fileID: 1078643407307377559}
  m_Layer: 0
  m_Name: RootBone
  m_TagString: Untagged
  m_Icon: {fileID: 0}
  m_NavMeshLayer: 0
  m_StaticEditorFlags: 0
  m_IsActive: 1
--- !u!4 &1078643407307377559
Transform:
  m_ObjectHideFlags: 0
  m_CorrespondingSourceObject: {fileID: 0}
  m_PrefabInstance: {fileID: 0}
  m_PrefabAsset: {fileID: 0}
  m_GameObject: {fileID: 2063154626186483046}
  m_LocalRotation: {x: 0.7071068, y: 0, z: 0, w: 0.7071067}
  m_LocalPosition: {x: -0, y: 0, z: 0}
  m_LocalScale: {x: 1, y: 1, z: 1}
  m_Children: []
  m_Father: {fileID: 5047513355250032996}
  m_RootOrder: 3
  m_LocalEulerAnglesHint: {x: 0, y: 0, z: 0}
--- !u!1 &2210925735270345340
GameObject:
  m_ObjectHideFlags: 0
  m_CorrespondingSourceObject: {fileID: 0}
  m_PrefabInstance: {fileID: 0}
  m_PrefabAsset: {fileID: 0}
  serializedVersion: 6
  m_Component:
  - component: {fileID: 832901043536341246}
  m_Layer: 0
  m_Name: UpperSpine
  m_TagString: Untagged
  m_Icon: {fileID: 0}
  m_NavMeshLayer: 0
  m_StaticEditorFlags: 0
  m_IsActive: 1
--- !u!4 &832901043536341246
Transform:
  m_ObjectHideFlags: 0
  m_CorrespondingSourceObject: {fileID: 0}
  m_PrefabInstance: {fileID: 0}
  m_PrefabAsset: {fileID: 0}
  m_GameObject: {fileID: 2210925735270345340}
  m_LocalRotation: {x: 0.38097385, y: -0.033859245, z: 0.13765518, w: 0.91365397}
  m_LocalPosition: {x: -9.313226e-10, y: 0.13192192, z: -0.00000003775349}
  m_LocalScale: {x: 1, y: 1, z: 1.0000001}
  m_Children:
  - {fileID: 7583606313863817035}
  - {fileID: 5410139210913470890}
  - {fileID: 2164888932157018295}
  m_Father: {fileID: 6540707360134043344}
  m_RootOrder: 0
  m_LocalEulerAnglesHint: {x: 0, y: 0, z: 0}
--- !u!1 &2320578824480344303
GameObject:
  m_ObjectHideFlags: 0
  m_CorrespondingSourceObject: {fileID: 0}
  m_PrefabInstance: {fileID: 0}
  m_PrefabAsset: {fileID: 0}
  serializedVersion: 6
  m_Component:
  - component: {fileID: 1776061634192475197}
  m_Layer: 0
  m_Name: Bone.023
  m_TagString: Untagged
  m_Icon: {fileID: 0}
  m_NavMeshLayer: 0
  m_StaticEditorFlags: 0
  m_IsActive: 1
--- !u!4 &1776061634192475197
Transform:
  m_ObjectHideFlags: 0
  m_CorrespondingSourceObject: {fileID: 0}
  m_PrefabInstance: {fileID: 0}
  m_PrefabAsset: {fileID: 0}
  m_GameObject: {fileID: 2320578824480344303}
  m_LocalRotation: {x: 0.38616702, y: 0.32753375, z: 0.36481583, w: 0.7813489}
  m_LocalPosition: {x: -0.03516787, y: 0.13300377, z: 0.07831154}
  m_LocalScale: {x: 1, y: 0.9999999, z: 1}
  m_Children: []
  m_Father: {fileID: 8352561696638634932}
  m_RootOrder: 6
  m_LocalEulerAnglesHint: {x: 0, y: 0, z: 0}
--- !u!1 &2398070526572486351
GameObject:
  m_ObjectHideFlags: 0
  m_CorrespondingSourceObject: {fileID: 0}
  m_PrefabInstance: {fileID: 0}
  m_PrefabAsset: {fileID: 0}
  serializedVersion: 6
  m_Component:
  - component: {fileID: 150911850216638167}
  m_Layer: 0
  m_Name: Bone.044
  m_TagString: Untagged
  m_Icon: {fileID: 0}
  m_NavMeshLayer: 0
  m_StaticEditorFlags: 0
  m_IsActive: 1
--- !u!4 &150911850216638167
Transform:
  m_ObjectHideFlags: 0
  m_CorrespondingSourceObject: {fileID: 0}
  m_PrefabInstance: {fileID: 0}
  m_PrefabAsset: {fileID: 0}
  m_GameObject: {fileID: 2398070526572486351}
  m_LocalRotation: {x: -0.018536627, y: -0.011892904, z: 0.11510479, w: 0.99310917}
  m_LocalPosition: {x: 0.0000000063329937, y: 0.036211867, z: 0.000000032922255}
  m_LocalScale: {x: 1, y: 0.99999994, z: 1.0000001}
  m_Children:
  - {fileID: 5996360249082789166}
  m_Father: {fileID: 5630064363207603367}
  m_RootOrder: 0
  m_LocalEulerAnglesHint: {x: 0, y: 0, z: 0}
--- !u!1 &2989886184557368203
GameObject:
  m_ObjectHideFlags: 0
  m_CorrespondingSourceObject: {fileID: 0}
  m_PrefabInstance: {fileID: 0}
  m_PrefabAsset: {fileID: 0}
  serializedVersion: 6
  m_Component:
  - component: {fileID: 308158161056728327}
  m_Layer: 0
  m_Name: Bone.055
  m_TagString: Untagged
  m_Icon: {fileID: 0}
  m_NavMeshLayer: 0
  m_StaticEditorFlags: 0
  m_IsActive: 1
--- !u!4 &308158161056728327
Transform:
  m_ObjectHideFlags: 0
  m_CorrespondingSourceObject: {fileID: 0}
  m_PrefabInstance: {fileID: 0}
  m_PrefabAsset: {fileID: 0}
  m_GameObject: {fileID: 2989886184557368203}
  m_LocalRotation: {x: 0.031954054, y: -0.0033579152, z: -0.011047701, w: 0.99942267}
  m_LocalPosition: {x: 0.000000107288365, y: 0.050846208, z: -0.00000010430813}
  m_LocalScale: {x: 0.99999994, y: 0.99999994, z: 1}
  m_Children: []
  m_Father: {fileID: 2017207104355860728}
  m_RootOrder: 0
  m_LocalEulerAnglesHint: {x: 0, y: 0, z: 0}
--- !u!1 &3113575985447520301
GameObject:
  m_ObjectHideFlags: 0
  m_CorrespondingSourceObject: {fileID: 0}
  m_PrefabInstance: {fileID: 0}
  m_PrefabAsset: {fileID: 0}
  serializedVersion: 6
  m_Component:
  - component: {fileID: 2752800837779305568}
  m_Layer: 0
  m_Name: Bone.073
  m_TagString: Untagged
  m_Icon: {fileID: 0}
  m_NavMeshLayer: 0
  m_StaticEditorFlags: 0
  m_IsActive: 1
--- !u!4 &2752800837779305568
Transform:
  m_ObjectHideFlags: 0
  m_CorrespondingSourceObject: {fileID: 0}
  m_PrefabInstance: {fileID: 0}
  m_PrefabAsset: {fileID: 0}
  m_GameObject: {fileID: 3113575985447520301}
  m_LocalRotation: {x: 0.07163455, y: -0.017252063, z: -0.09580354, w: 0.9926694}
  m_LocalPosition: {x: 0.0000000834465, y: 0.028026348, z: -0.00000013113022}
  m_LocalScale: {x: 0.99999994, y: 1, z: 1}
  m_Children:
  - {fileID: 5294449901448715454}
  m_Father: {fileID: 962837599368761871}
  m_RootOrder: 0
  m_LocalEulerAnglesHint: {x: 0, y: 0, z: 0}
--- !u!1 &3153560767921249315
GameObject:
  m_ObjectHideFlags: 0
  m_CorrespondingSourceObject: {fileID: 0}
  m_PrefabInstance: {fileID: 0}
  m_PrefabAsset: {fileID: 0}
  serializedVersion: 6
  m_Component:
  - component: {fileID: 2951482199485341248}
  - component: {fileID: 7881806620280390845}
  m_Layer: 0
  m_Name: CharC
  m_TagString: Untagged
  m_Icon: {fileID: 0}
  m_NavMeshLayer: 0
  m_StaticEditorFlags: 0
  m_IsActive: 1
--- !u!4 &2951482199485341248
Transform:
  m_ObjectHideFlags: 0
  m_CorrespondingSourceObject: {fileID: 0}
  m_PrefabInstance: {fileID: 0}
  m_PrefabAsset: {fileID: 0}
  m_GameObject: {fileID: 3153560767921249315}
  m_LocalRotation: {x: 0.7071068, y: 0, z: -0, w: 0.7071067}
  m_LocalPosition: {x: -0, y: 0, z: 0}
  m_LocalScale: {x: 1, y: 1, z: 1}
  m_Children: []
  m_Father: {fileID: 4232411637092200954}
  m_RootOrder: 3
  m_LocalEulerAnglesHint: {x: 0, y: 0, z: 0}
--- !u!137 &7881806620280390845
SkinnedMeshRenderer:
  m_ObjectHideFlags: 0
  m_CorrespondingSourceObject: {fileID: 0}
  m_PrefabInstance: {fileID: 0}
  m_PrefabAsset: {fileID: 0}
  m_GameObject: {fileID: 3153560767921249315}
  m_Enabled: 1
  m_CastShadows: 1
  m_ReceiveShadows: 1
  m_DynamicOccludee: 1
  m_MotionVectors: 1
  m_LightProbeUsage: 1
  m_ReflectionProbeUsage: 1
  m_RayTracingMode: 0
  m_RenderingLayerMask: 1
  m_RendererPriority: 0
  m_Materials:
  - {fileID: 2100000, guid: 73c176f402d2c2f4d929aa5da7585d17, type: 2}
  m_StaticBatchInfo:
    firstSubMesh: 0
    subMeshCount: 0
  m_StaticBatchRoot: {fileID: 0}
  m_ProbeAnchor: {fileID: 0}
  m_LightProbeVolumeOverride: {fileID: 0}
  m_ScaleInLightmap: 1
  m_ReceiveGI: 1
  m_PreserveUVs: 0
  m_IgnoreNormalsForChartDetection: 0
  m_ImportantGI: 0
  m_StitchLightmapSeams: 1
  m_SelectedEditorRenderState: 3
  m_MinimumChartSize: 4
  m_AutoUVMaxDistance: 0.5
  m_AutoUVMaxAngle: 89
  m_LightmapParameters: {fileID: 0}
  m_SortingLayerID: 0
  m_SortingLayer: 0
  m_SortingOrder: 0
  serializedVersion: 2
  m_Quality: 0
  m_UpdateWhenOffscreen: 0
  m_SkinnedMotionVectors: 1
  m_Mesh: {fileID: -3707840023619857529, guid: 7a686ebd5fe804b53bb0a6d30eb21cee, type: 3}
  m_Bones:
  - {fileID: 1078643407307377559}
  - {fileID: 5818258632439257585}
  - {fileID: 6540707360134043344}
  - {fileID: 832901043536341246}
  - {fileID: 2164888932157018295}
  - {fileID: 2444814616923840838}
  - {fileID: 8352561696638634932}
  - {fileID: 6725715932006871348}
  - {fileID: 8862316002424112682}
  - {fileID: 6275249899143253163}
  - {fileID: 6177765261399028845}
  - {fileID: 3977161654337013304}
  - {fileID: 1776061634192475197}
  - {fileID: 3590613535837516378}
  - {fileID: 4117408951804318769}
  - {fileID: 8341718958090285805}
  - {fileID: 3367211872240604076}
  - {fileID: 6725124933675624527}
  - {fileID: 5139122096142797912}
  - {fileID: 8748059695042410604}
  - {fileID: 1728882916903553973}
  - {fileID: 8754649752916608482}
  - {fileID: 2786765401488540001}
  - {fileID: 5202895374767567961}
  - {fileID: 6962750376803213353}
  - {fileID: 5630064363207603367}
  - {fileID: 150911850216638167}
  - {fileID: 5996360249082789166}
  - {fileID: 7895474588146650075}
  - {fileID: 8451690260919506138}
  - {fileID: 4886672311533252312}
  - {fileID: 1308907544947766217}
  - {fileID: 5107657503368997692}
  - {fileID: 3148018928496248089}
  - {fileID: 1794831868440801532}
  - {fileID: 7760862760061691542}
  - {fileID: 8385974682040683446}
  - {fileID: 726791362965149193}
  - {fileID: 2674763520456159630}
  - {fileID: 882861950710669138}
  - {fileID: 962837599368761871}
  - {fileID: 2752800837779305568}
  - {fileID: 5294449901448715454}
  - {fileID: 3955279319726199810}
  - {fileID: 900330409686087314}
  - {fileID: 4799313189665744308}
  - {fileID: 7208732652017548022}
  - {fileID: 2017207104355860728}
  - {fileID: 308158161056728327}
  - {fileID: 4425855594363722095}
  - {fileID: 1508821944201587570}
  - {fileID: 6148882764753730316}
  - {fileID: 6657121545951861092}
  - {fileID: 3926832357232748478}
  - {fileID: 7583606313863817035}
  - {fileID: 5410139210913470890}
  - {fileID: 5651462410756433038}
  - {fileID: 8295118004192314809}
  - {fileID: 114150058397740476}
  - {fileID: 1262352766459346069}
  - {fileID: 5669975180433925382}
  - {fileID: 3912804006814857459}
  - {fileID: 27767054673181691}
  - {fileID: 8832017857302575018}
  - {fileID: 630629585758544911}
  - {fileID: 305189077312238786}
  m_BlendShapeWeights: []
  m_RootBone: {fileID: 5818258632439257585}
  m_AABB:
    m_Center: {x: -0.031946033, y: -0.06502214, z: 0.14580518}
    m_Extent: {x: 0.47311726, y: 0.8560306, z: 0.3864311}
  m_DirtyAABB: 0
--- !u!1 &3190272991352999361
GameObject:
  m_ObjectHideFlags: 0
  m_CorrespondingSourceObject: {fileID: 0}
  m_PrefabInstance: {fileID: 0}
  m_PrefabAsset: {fileID: 0}
  serializedVersion: 6
  m_Component:
  - component: {fileID: 4886672311533252312}
  m_Layer: 0
  m_Name: Bone.054
  m_TagString: Untagged
  m_Icon: {fileID: 0}
  m_NavMeshLayer: 0
  m_StaticEditorFlags: 0
  m_IsActive: 1
--- !u!4 &4886672311533252312
Transform:
  m_ObjectHideFlags: 0
  m_CorrespondingSourceObject: {fileID: 0}
  m_PrefabInstance: {fileID: 0}
  m_PrefabAsset: {fileID: 0}
  m_GameObject: {fileID: 3190272991352999361}
  m_LocalRotation: {x: 0.034132794, y: 0.00152298, z: 0.020149378, w: 0.99921304}
  m_LocalPosition: {x: -0.00000007934869, y: 0.048768084, z: 0.000000025331975}
  m_LocalScale: {x: 1, y: 1, z: 1}
  m_Children: []
  m_Father: {fileID: 8451690260919506138}
  m_RootOrder: 0
  m_LocalEulerAnglesHint: {x: 0, y: 0, z: 0}
--- !u!1 &3218472125037174739
GameObject:
  m_ObjectHideFlags: 0
  m_CorrespondingSourceObject: {fileID: 0}
  m_PrefabInstance: {fileID: 0}
  m_PrefabAsset: {fileID: 0}
  serializedVersion: 6
  m_Component:
  - component: {fileID: 3926832357232748478}
  m_Layer: 0
  m_Name: Bone.069
  m_TagString: Untagged
  m_Icon: {fileID: 0}
  m_NavMeshLayer: 0
  m_StaticEditorFlags: 0
  m_IsActive: 1
--- !u!4 &3926832357232748478
Transform:
  m_ObjectHideFlags: 0
  m_CorrespondingSourceObject: {fileID: 0}
  m_PrefabInstance: {fileID: 0}
  m_PrefabAsset: {fileID: 0}
  m_GameObject: {fileID: 3218472125037174739}
  m_LocalRotation: {x: -0.008553964, y: -0.014868384, z: 0.028268814, w: 0.9994532}
  m_LocalPosition: {x: -0.000000047683717, y: 0.027898302, z: 0.00000007152558}
  m_LocalScale: {x: 1.0000001, y: 0.9999999, z: 0.99999994}
  m_Children: []
  m_Father: {fileID: 6657121545951861092}
  m_RootOrder: 0
  m_LocalEulerAnglesHint: {x: 0, y: 0, z: 0}
--- !u!1 &3304968807512717568
GameObject:
  m_ObjectHideFlags: 0
  m_CorrespondingSourceObject: {fileID: 0}
  m_PrefabInstance: {fileID: 0}
  m_PrefabAsset: {fileID: 0}
  serializedVersion: 6
  m_Component:
  - component: {fileID: 5202895374767567961}
  m_Layer: 0
  m_Name: Bone.071
  m_TagString: Untagged
  m_Icon: {fileID: 0}
  m_NavMeshLayer: 0
  m_StaticEditorFlags: 0
  m_IsActive: 1
--- !u!4 &5202895374767567961
Transform:
  m_ObjectHideFlags: 0
  m_CorrespondingSourceObject: {fileID: 0}
  m_PrefabInstance: {fileID: 0}
  m_PrefabAsset: {fileID: 0}
  m_GameObject: {fileID: 3304968807512717568}
  m_LocalRotation: {x: 0.07163462, y: 0.017252509, z: 0.095803484, w: 0.9926694}
  m_LocalPosition: {x: -0.000000014901161, y: 0.028026288, z: -0.000000023096801}
  m_LocalScale: {x: 1, y: 1, z: 1.0000001}
  m_Children:
  - {fileID: 6962750376803213353}
  m_Father: {fileID: 2786765401488540001}
  m_RootOrder: 0
  m_LocalEulerAnglesHint: {x: 0, y: 0, z: 0}
--- !u!1 &3337618627713337264
GameObject:
  m_ObjectHideFlags: 0
  m_CorrespondingSourceObject: {fileID: 0}
  m_PrefabInstance: {fileID: 0}
  m_PrefabAsset: {fileID: 0}
  serializedVersion: 6
  m_Component:
  - component: {fileID: 2444814616923840838}
  m_Layer: 0
  m_Name: Neck
  m_TagString: Untagged
  m_Icon: {fileID: 0}
  m_NavMeshLayer: 0
  m_StaticEditorFlags: 0
  m_IsActive: 1
--- !u!4 &2444814616923840838
Transform:
  m_ObjectHideFlags: 0
  m_CorrespondingSourceObject: {fileID: 0}
  m_PrefabInstance: {fileID: 0}
  m_PrefabAsset: {fileID: 0}
  m_GameObject: {fileID: 3337618627713337264}
  m_LocalRotation: {x: 0.032571677, y: -0.24747643, z: -0.085933, w: 0.9645258}
  m_LocalPosition: {x: -0.000000007450581, y: 0.15410797, z: 0.0000000022351743}
  m_LocalScale: {x: 1, y: 1, z: 1}
  m_Children:
  - {fileID: 8352561696638634932}
  m_Father: {fileID: 2164888932157018295}
  m_RootOrder: 1
  m_LocalEulerAnglesHint: {x: 0, y: 0, z: 0}
--- !u!1 &3410487421499008382
GameObject:
  m_ObjectHideFlags: 0
  m_CorrespondingSourceObject: {fileID: 0}
  m_PrefabInstance: {fileID: 0}
  m_PrefabAsset: {fileID: 0}
  serializedVersion: 6
  m_Component:
  - component: {fileID: 8295118004192314809}
  m_Layer: 0
  m_Name: Dicus
  m_TagString: Untagged
  m_Icon: {fileID: 0}
  m_NavMeshLayer: 0
  m_StaticEditorFlags: 0
  m_IsActive: 1
--- !u!4 &8295118004192314809
Transform:
  m_ObjectHideFlags: 0
  m_CorrespondingSourceObject: {fileID: 0}
  m_PrefabInstance: {fileID: 0}
  m_PrefabAsset: {fileID: 0}
  m_GameObject: {fileID: 3410487421499008382}
  m_LocalRotation: {x: 0.833758, y: -0.0022088555, z: 0.0016091083, w: 0.5521233}
  m_LocalPosition: {x: -0, y: 0.10000006, z: 0.000000020861625}
  m_LocalScale: {x: 0.9999999, y: 0.9999996, z: 0.9999997}
  m_Children: []
  m_Father: {fileID: 5818258632439257585}
  m_RootOrder: 1
  m_LocalEulerAnglesHint: {x: 0, y: 0, z: 0}
--- !u!1 &3563606147998255563
GameObject:
  m_ObjectHideFlags: 0
  m_CorrespondingSourceObject: {fileID: 0}
  m_PrefabInstance: {fileID: 0}
  m_PrefabAsset: {fileID: 0}
  serializedVersion: 6
  m_Component:
  - component: {fileID: 8862316002424112682}
  m_Layer: 0
  m_Name: Bone.018
  m_TagString: Untagged
  m_Icon: {fileID: 0}
  m_NavMeshLayer: 0
  m_StaticEditorFlags: 0
  m_IsActive: 1
--- !u!4 &8862316002424112682
Transform:
  m_ObjectHideFlags: 0
  m_CorrespondingSourceObject: {fileID: 0}
  m_PrefabInstance: {fileID: 0}
  m_PrefabAsset: {fileID: 0}
  m_GameObject: {fileID: 3563606147998255563}
  m_LocalRotation: {x: -0.1568487, y: -0.0000000051864695, z: 0.000000025755536, w: 0.9876227}
  m_LocalPosition: {x: -0.000000007450581, y: 0.09494515, z: 0.00000007599592}
  m_LocalScale: {x: 1, y: 1, z: 1}
  m_Children:
  - {fileID: 6275249899143253163}
  m_Father: {fileID: 8352561696638634932}
  m_RootOrder: 1
  m_LocalEulerAnglesHint: {x: 0, y: 0, z: 0}
--- !u!1 &3600446865833487168
GameObject:
  m_ObjectHideFlags: 0
  m_CorrespondingSourceObject: {fileID: 0}
  m_PrefabInstance: {fileID: 0}
  m_PrefabAsset: {fileID: 0}
  serializedVersion: 6
  m_Component:
  - component: {fileID: 4232411637092200954}
  m_Layer: 8
  m_Name: RockerAnimSitMasterFinal
  m_TagString: Untagged
  m_Icon: {fileID: 0}
  m_NavMeshLayer: 0
  m_StaticEditorFlags: 0
  m_IsActive: 1
--- !u!4 &4232411637092200954
Transform:
  m_ObjectHideFlags: 0
  m_CorrespondingSourceObject: {fileID: 0}
  m_PrefabInstance: {fileID: 0}
  m_PrefabAsset: {fileID: 0}
  m_GameObject: {fileID: 3600446865833487168}
  m_LocalRotation: {x: 0, y: 0, z: 0, w: 1}
  m_LocalPosition: {x: 0.164, y: -0.159, z: -2.863}
  m_LocalScale: {x: 1, y: 1, z: 1}
  m_Children:
  - {fileID: 5047513355250032996}
  - {fileID: 937576113849746019}
  - {fileID: 3228916445275416360}
  - {fileID: 2951482199485341248}
  - {fileID: 2231084751487517709}
  m_Father: {fileID: 0}
  m_RootOrder: 0
  m_LocalEulerAnglesHint: {x: 0, y: 0, z: 0}
--- !u!1 &3797108246258366144
GameObject:
  m_ObjectHideFlags: 0
  m_CorrespondingSourceObject: {fileID: 0}
  m_PrefabInstance: {fileID: 0}
  m_PrefabAsset: {fileID: 0}
  serializedVersion: 6
  m_Component:
  - component: {fileID: 6725715932006871348}
  m_Layer: 0
  m_Name: Bone.017
  m_TagString: Untagged
  m_Icon: {fileID: 0}
  m_NavMeshLayer: 0
  m_StaticEditorFlags: 0
  m_IsActive: 1
--- !u!4 &6725715932006871348
Transform:
  m_ObjectHideFlags: 0
  m_CorrespondingSourceObject: {fileID: 0}
  m_PrefabInstance: {fileID: 0}
  m_PrefabAsset: {fileID: 0}
  m_GameObject: {fileID: 3797108246258366144}
  m_LocalRotation: {x: 0.39270705, y: -0.00000022785242, z: -0.00000019544675, w: 0.9196636}
  m_LocalPosition: {x: -0.000000007450581, y: 0.09494515, z: 0.00000007599592}
  m_LocalScale: {x: 1, y: 1, z: 1}
  m_Children: []
  m_Father: {fileID: 8352561696638634932}
  m_RootOrder: 0
  m_LocalEulerAnglesHint: {x: 0, y: 0, z: 0}
--- !u!1 &3873344843108007521
GameObject:
  m_ObjectHideFlags: 0
  m_CorrespondingSourceObject: {fileID: 0}
  m_PrefabInstance: {fileID: 0}
  m_PrefabAsset: {fileID: 0}
  serializedVersion: 6
  m_Component:
  - component: {fileID: 6657121545951861092}
  m_Layer: 0
  m_Name: Bone.067
  m_TagString: Untagged
  m_Icon: {fileID: 0}
  m_NavMeshLayer: 0
  m_StaticEditorFlags: 0
  m_IsActive: 1
--- !u!4 &6657121545951861092
Transform:
  m_ObjectHideFlags: 0
  m_CorrespondingSourceObject: {fileID: 0}
  m_PrefabInstance: {fileID: 0}
  m_PrefabAsset: {fileID: 0}
  m_GameObject: {fileID: 3873344843108007521}
  m_LocalRotation: {x: 0.30564922, y: -0.3022904, z: -0.14650322, w: 0.8909186}
  m_LocalPosition: {x: -0.0060690823, y: 0.065764785, z: 0.083497755}
  m_LocalScale: {x: 1, y: 1, z: 1.0000001}
  m_Children:
  - {fileID: 3926832357232748478}
  m_Father: {fileID: 882861950710669138}
  m_RootOrder: 4
  m_LocalEulerAnglesHint: {x: 0, y: 0, z: 0}
--- !u!1 &3895020940388659324
GameObject:
  m_ObjectHideFlags: 0
  m_CorrespondingSourceObject: {fileID: 0}
  m_PrefabInstance: {fileID: 0}
  m_PrefabAsset: {fileID: 0}
  serializedVersion: 6
  m_Component:
  - component: {fileID: 8748059695042410604}
  m_Layer: 0
  m_Name: LeftArm
  m_TagString: Untagged
  m_Icon: {fileID: 0}
  m_NavMeshLayer: 0
  m_StaticEditorFlags: 0
  m_IsActive: 1
--- !u!4 &8748059695042410604
Transform:
  m_ObjectHideFlags: 0
  m_CorrespondingSourceObject: {fileID: 0}
  m_PrefabInstance: {fileID: 0}
  m_PrefabAsset: {fileID: 0}
  m_GameObject: {fileID: 3895020940388659324}
  m_LocalRotation: {x: 0.1647189, y: 0.11635943, z: 0.39640635, w: 0.89565074}
  m_LocalPosition: {x: 0.000000115484, y: 0.20511584, z: -0.000000008940697}
  m_LocalScale: {x: 0.99999994, y: 0.9999999, z: 0.99999994}
  m_Children:
  - {fileID: 1728882916903553973}
  m_Father: {fileID: 5139122096142797912}
  m_RootOrder: 0
  m_LocalEulerAnglesHint: {x: 0, y: 0, z: 0}
--- !u!1 &4240040422544472198
GameObject:
  m_ObjectHideFlags: 0
  m_CorrespondingSourceObject: {fileID: 0}
  m_PrefabInstance: {fileID: 0}
  m_PrefabAsset: {fileID: 0}
  serializedVersion: 6
  m_Component:
  - component: {fileID: 6275249899143253163}
  m_Layer: 0
  m_Name: Bone.027
  m_TagString: Untagged
  m_Icon: {fileID: 0}
  m_NavMeshLayer: 0
  m_StaticEditorFlags: 0
  m_IsActive: 1
--- !u!4 &6275249899143253163
Transform:
  m_ObjectHideFlags: 0
  m_CorrespondingSourceObject: {fileID: 0}
  m_PrefabInstance: {fileID: 0}
  m_PrefabAsset: {fileID: 0}
  m_GameObject: {fileID: 4240040422544472198}
  m_LocalRotation: {x: 0.95700485, y: -0.00000047036303, z: -0.0000017233222, w: 0.290072}
  m_LocalPosition: {x: 0.000000080163595, y: 0.020225048, z: 0.13952863}
  m_LocalScale: {x: 1, y: 1, z: 0.9999996}
  m_Children: []
  m_Father: {fileID: 8862316002424112682}
  m_RootOrder: 0
  m_LocalEulerAnglesHint: {x: 0, y: 0, z: 0}
--- !u!1 &4367123156528869057
GameObject:
  m_ObjectHideFlags: 0
  m_CorrespondingSourceObject: {fileID: 0}
  m_PrefabInstance: {fileID: 0}
  m_PrefabAsset: {fileID: 0}
  serializedVersion: 6
  m_Component:
  - component: {fileID: 3228916445275416360}
  - component: {fileID: 6204231549409080965}
  m_Layer: 0
  m_Name: CharB
  m_TagString: Untagged
  m_Icon: {fileID: 0}
  m_NavMeshLayer: 0
  m_StaticEditorFlags: 0
  m_IsActive: 1
--- !u!4 &3228916445275416360
Transform:
  m_ObjectHideFlags: 0
  m_CorrespondingSourceObject: {fileID: 0}
  m_PrefabInstance: {fileID: 0}
  m_PrefabAsset: {fileID: 0}
  m_GameObject: {fileID: 4367123156528869057}
  m_LocalRotation: {x: 0.7071068, y: 0, z: -0, w: 0.7071067}
  m_LocalPosition: {x: -0, y: 0, z: 0}
  m_LocalScale: {x: 1, y: 1, z: 1}
  m_Children: []
  m_Father: {fileID: 4232411637092200954}
  m_RootOrder: 2
  m_LocalEulerAnglesHint: {x: 0, y: 0, z: 0}
--- !u!137 &6204231549409080965
SkinnedMeshRenderer:
  m_ObjectHideFlags: 0
  m_CorrespondingSourceObject: {fileID: 0}
  m_PrefabInstance: {fileID: 0}
  m_PrefabAsset: {fileID: 0}
  m_GameObject: {fileID: 4367123156528869057}
  m_Enabled: 1
  m_CastShadows: 1
  m_ReceiveShadows: 1
  m_DynamicOccludee: 1
  m_MotionVectors: 1
  m_LightProbeUsage: 1
  m_ReflectionProbeUsage: 1
  m_RayTracingMode: 0
  m_RenderingLayerMask: 1
  m_RendererPriority: 0
  m_Materials:
  - {fileID: 2100000, guid: 73c176f402d2c2f4d929aa5da7585d17, type: 2}
  m_StaticBatchInfo:
    firstSubMesh: 0
    subMeshCount: 0
  m_StaticBatchRoot: {fileID: 0}
  m_ProbeAnchor: {fileID: 0}
  m_LightProbeVolumeOverride: {fileID: 0}
  m_ScaleInLightmap: 1
  m_ReceiveGI: 1
  m_PreserveUVs: 0
  m_IgnoreNormalsForChartDetection: 0
  m_ImportantGI: 0
  m_StitchLightmapSeams: 1
  m_SelectedEditorRenderState: 3
  m_MinimumChartSize: 4
  m_AutoUVMaxDistance: 0.5
  m_AutoUVMaxAngle: 89
  m_LightmapParameters: {fileID: 0}
  m_SortingLayerID: 0
  m_SortingLayer: 0
  m_SortingOrder: 0
  serializedVersion: 2
  m_Quality: 0
  m_UpdateWhenOffscreen: 0
  m_SkinnedMotionVectors: 1
  m_Mesh: {fileID: 863460032813189841, guid: 7a686ebd5fe804b53bb0a6d30eb21cee, type: 3}
  m_Bones:
  - {fileID: 1078643407307377559}
  - {fileID: 5818258632439257585}
  - {fileID: 6540707360134043344}
  - {fileID: 832901043536341246}
  - {fileID: 2164888932157018295}
  - {fileID: 2444814616923840838}
  - {fileID: 8352561696638634932}
  - {fileID: 6725715932006871348}
  - {fileID: 8862316002424112682}
  - {fileID: 6275249899143253163}
  - {fileID: 6177765261399028845}
  - {fileID: 3977161654337013304}
  - {fileID: 1776061634192475197}
  - {fileID: 3590613535837516378}
  - {fileID: 4117408951804318769}
  - {fileID: 8341718958090285805}
  - {fileID: 3367211872240604076}
  - {fileID: 6725124933675624527}
  - {fileID: 5139122096142797912}
  - {fileID: 8748059695042410604}
  - {fileID: 1728882916903553973}
  - {fileID: 8754649752916608482}
  - {fileID: 2786765401488540001}
  - {fileID: 5202895374767567961}
  - {fileID: 6962750376803213353}
  - {fileID: 5630064363207603367}
  - {fileID: 150911850216638167}
  - {fileID: 5996360249082789166}
  - {fileID: 7895474588146650075}
  - {fileID: 8451690260919506138}
  - {fileID: 4886672311533252312}
  - {fileID: 1308907544947766217}
  - {fileID: 5107657503368997692}
  - {fileID: 3148018928496248089}
  - {fileID: 1794831868440801532}
  - {fileID: 7760862760061691542}
  - {fileID: 8385974682040683446}
  - {fileID: 726791362965149193}
  - {fileID: 2674763520456159630}
  - {fileID: 882861950710669138}
  - {fileID: 962837599368761871}
  - {fileID: 2752800837779305568}
  - {fileID: 5294449901448715454}
  - {fileID: 3955279319726199810}
  - {fileID: 900330409686087314}
  - {fileID: 4799313189665744308}
  - {fileID: 7208732652017548022}
  - {fileID: 2017207104355860728}
  - {fileID: 308158161056728327}
  - {fileID: 4425855594363722095}
  - {fileID: 1508821944201587570}
  - {fileID: 6148882764753730316}
  - {fileID: 6657121545951861092}
  - {fileID: 3926832357232748478}
  - {fileID: 7583606313863817035}
  - {fileID: 5410139210913470890}
  - {fileID: 5651462410756433038}
  - {fileID: 8295118004192314809}
  - {fileID: 114150058397740476}
  - {fileID: 1262352766459346069}
  - {fileID: 5669975180433925382}
  - {fileID: 3912804006814857459}
  - {fileID: 27767054673181691}
  - {fileID: 8832017857302575018}
  - {fileID: 630629585758544911}
  - {fileID: 305189077312238786}
  m_BlendShapeWeights: []
  m_RootBone: {fileID: 5818258632439257585}
  m_AABB:
    m_Center: {x: -0.02735962, y: -0.06502214, z: 0.13271739}
    m_Extent: {x: 0.5040601, y: 0.8560306, z: 0.4115129}
  m_DirtyAABB: 0
--- !u!1 &4835506276980666346
GameObject:
  m_ObjectHideFlags: 0
  m_CorrespondingSourceObject: {fileID: 0}
  m_PrefabInstance: {fileID: 0}
  m_PrefabAsset: {fileID: 0}
  serializedVersion: 6
  m_Component:
  - component: {fileID: 6148882764753730316}
  m_Layer: 0
  m_Name: Bone.063
  m_TagString: Untagged
  m_Icon: {fileID: 0}
  m_NavMeshLayer: 0
  m_StaticEditorFlags: 0
  m_IsActive: 1
--- !u!4 &6148882764753730316
Transform:
  m_ObjectHideFlags: 0
  m_CorrespondingSourceObject: {fileID: 0}
  m_PrefabInstance: {fileID: 0}
  m_PrefabAsset: {fileID: 0}
  m_GameObject: {fileID: 4835506276980666346}
  m_LocalRotation: {x: 0.064232655, y: -0.00771731, z: 0.045796186, w: 0.9968537}
  m_LocalPosition: {x: -0.000000107288365, y: 0.03309615, z: 0.00000008642674}
  m_LocalScale: {x: 1, y: 0.9999998, z: 0.9999999}
  m_Children: []
  m_Father: {fileID: 1508821944201587570}
  m_RootOrder: 0
  m_LocalEulerAnglesHint: {x: 0, y: 0, z: 0}
--- !u!1 &4880635256800958288
GameObject:
  m_ObjectHideFlags: 0
  m_CorrespondingSourceObject: {fileID: 0}
  m_PrefabInstance: {fileID: 0}
  m_PrefabAsset: {fileID: 0}
  serializedVersion: 6
  m_Component:
  - component: {fileID: 5669975180433925382}
  m_Layer: 0
  m_Name: LeftShin
  m_TagString: Untagged
  m_Icon: {fileID: 0}
  m_NavMeshLayer: 0
  m_StaticEditorFlags: 0
  m_IsActive: 1
--- !u!4 &5669975180433925382
Transform:
  m_ObjectHideFlags: 0
  m_CorrespondingSourceObject: {fileID: 0}
  m_PrefabInstance: {fileID: 0}
  m_PrefabAsset: {fileID: 0}
  m_GameObject: {fileID: 4880635256800958288}
  m_LocalRotation: {x: -0.009150244, y: -0.11575739, z: -0.7989698, w: 0.59005404}
  m_LocalPosition: {x: 0.00000007711351, y: 0.40738592, z: 0.0000000037252903}
  m_LocalScale: {x: 1, y: 0.9999999, z: 1}
  m_Children:
  - {fileID: 3912804006814857459}
  m_Father: {fileID: 1262352766459346069}
  m_RootOrder: 0
  m_LocalEulerAnglesHint: {x: 0, y: 0, z: 0}
--- !u!1 &4919517914500795818
GameObject:
  m_ObjectHideFlags: 0
  m_CorrespondingSourceObject: {fileID: 0}
  m_PrefabInstance: {fileID: 0}
  m_PrefabAsset: {fileID: 0}
  serializedVersion: 6
  m_Component:
  - component: {fileID: 7895474588146650075}
  m_Layer: 0
  m_Name: Bone.050
  m_TagString: Untagged
  m_Icon: {fileID: 0}
  m_NavMeshLayer: 0
  m_StaticEditorFlags: 0
  m_IsActive: 1
--- !u!4 &7895474588146650075
Transform:
  m_ObjectHideFlags: 0
  m_CorrespondingSourceObject: {fileID: 0}
  m_PrefabInstance: {fileID: 0}
  m_PrefabAsset: {fileID: 0}
  m_GameObject: {fileID: 4919517914500795818}
  m_LocalRotation: {x: 0.007930561, y: 0.21618287, z: 0.16448253, w: 0.9623656}
  m_LocalPosition: {x: -0.0019853085, y: 0.1116305, z: 0.0036558644}
  m_LocalScale: {x: 0.9999999, y: 1, z: 0.99999994}
  m_Children:
  - {fileID: 8451690260919506138}
  m_Father: {fileID: 8754649752916608482}
  m_RootOrder: 2
  m_LocalEulerAnglesHint: {x: 0, y: 0, z: 0}
--- !u!1 &4960060270327233832
GameObject:
  m_ObjectHideFlags: 0
  m_CorrespondingSourceObject: {fileID: 0}
  m_PrefabInstance: {fileID: 0}
  m_PrefabAsset: {fileID: 0}
  serializedVersion: 6
  m_Component:
  - component: {fileID: 7583606313863817035}
  m_Layer: 0
  m_Name: LeftTiddy
  m_TagString: Untagged
  m_Icon: {fileID: 0}
  m_NavMeshLayer: 0
  m_StaticEditorFlags: 0
  m_IsActive: 1
--- !u!4 &7583606313863817035
Transform:
  m_ObjectHideFlags: 0
  m_CorrespondingSourceObject: {fileID: 0}
  m_PrefabInstance: {fileID: 0}
  m_PrefabAsset: {fileID: 0}
  m_GameObject: {fileID: 4960060270327233832}
  m_LocalRotation: {x: 0.4466407, y: 0.21014024, z: 0.67435396, w: 0.54918116}
  m_LocalPosition: {x: 0.000000032782555, y: 0.13192207, z: 5.5879357e-10}
  m_LocalScale: {x: 0.99999994, y: 0.99999994, z: 0.9999998}
  m_Children: []
  m_Father: {fileID: 832901043536341246}
  m_RootOrder: 0
  m_LocalEulerAnglesHint: {x: 0, y: 0, z: 0}
--- !u!1 &4985676667149150441
GameObject:
  m_ObjectHideFlags: 0
  m_CorrespondingSourceObject: {fileID: 0}
  m_PrefabInstance: {fileID: 0}
  m_PrefabAsset: {fileID: 0}
  serializedVersion: 6
  m_Component:
  - component: {fileID: 5139122096142797912}
  m_Layer: 0
  m_Name: LeftShoulder
  m_TagString: Untagged
  m_Icon: {fileID: 0}
  m_NavMeshLayer: 0
  m_StaticEditorFlags: 0
  m_IsActive: 1
--- !u!4 &5139122096142797912
Transform:
  m_ObjectHideFlags: 0
  m_CorrespondingSourceObject: {fileID: 0}
  m_PrefabInstance: {fileID: 0}
  m_PrefabAsset: {fileID: 0}
  m_GameObject: {fileID: 4985676667149150441}
  m_LocalRotation: {x: 0.0073062284, y: 0.00086397503, z: 0.6978441, w: 0.7162119}
  m_LocalPosition: {x: -0.000000007450581, y: 0.15410797, z: 0.0000000022351743}
  m_LocalScale: {x: 0.99999994, y: 0.9999999, z: 1}
  m_Children:
  - {fileID: 8748059695042410604}
  m_Father: {fileID: 2164888932157018295}
  m_RootOrder: 0
  m_LocalEulerAnglesHint: {x: 0, y: 0, z: 0}
--- !u!1 &5004826256287482436
GameObject:
  m_ObjectHideFlags: 0
  m_CorrespondingSourceObject: {fileID: 0}
  m_PrefabInstance: {fileID: 0}
  m_PrefabAsset: {fileID: 0}
  serializedVersion: 6
  m_Component:
  - component: {fileID: 8385974682040683446}
  m_Layer: 0
  m_Name: RightShoulder
  m_TagString: Untagged
  m_Icon: {fileID: 0}
  m_NavMeshLayer: 0
  m_StaticEditorFlags: 0
  m_IsActive: 1
--- !u!4 &8385974682040683446
Transform:
  m_ObjectHideFlags: 0
  m_CorrespondingSourceObject: {fileID: 0}
  m_PrefabInstance: {fileID: 0}
  m_PrefabAsset: {fileID: 0}
  m_GameObject: {fileID: 5004826256287482436}
  m_LocalRotation: {x: 0.000000021104073, y: 0.00000002154374, z: -0.7495481, w: 0.66195}
  m_LocalPosition: {x: -0.000000007450581, y: 0.15410797, z: 0.0000000022351743}
  m_LocalScale: {x: 0.99999994, y: 0.9999999, z: 1}
  m_Children:
  - {fileID: 726791362965149193}
  m_Father: {fileID: 2164888932157018295}
  m_RootOrder: 2
  m_LocalEulerAnglesHint: {x: 0, y: 0, z: 0}
--- !u!1 &5274493826141942081
GameObject:
  m_ObjectHideFlags: 0
  m_CorrespondingSourceObject: {fileID: 0}
  m_PrefabInstance: {fileID: 0}
  m_PrefabAsset: {fileID: 0}
  serializedVersion: 6
  m_Component:
  - component: {fileID: 114150058397740476}
  m_Layer: 0
  m_Name: LeftPelvis
  m_TagString: Untagged
  m_Icon: {fileID: 0}
  m_NavMeshLayer: 0
  m_StaticEditorFlags: 0
  m_IsActive: 1
--- !u!4 &114150058397740476
Transform:
  m_ObjectHideFlags: 0
  m_CorrespondingSourceObject: {fileID: 0}
  m_PrefabInstance: {fileID: 0}
  m_PrefabAsset: {fileID: 0}
  m_GameObject: {fileID: 5274493826141942081}
  m_LocalRotation: {x: -0.21756518, y: -0.05079827, z: 0.7052798, w: 0.67280406}
  m_LocalPosition: {x: -0, y: 0, z: 1.0247586}
  m_LocalScale: {x: 0.99999994, y: 1, z: 1}
  m_Children:
  - {fileID: 1262352766459346069}
  m_Father: {fileID: 5047513355250032996}
  m_RootOrder: 0
  m_LocalEulerAnglesHint: {x: 0, y: 0, z: 0}
--- !u!1 &5535303527578132286
GameObject:
  m_ObjectHideFlags: 0
  m_CorrespondingSourceObject: {fileID: 0}
  m_PrefabInstance: {fileID: 0}
  m_PrefabAsset: {fileID: 0}
  serializedVersion: 6
  m_Component:
  - component: {fileID: 2164888932157018295}
  m_Layer: 0
  m_Name: UpperBack
  m_TagString: Untagged
  m_Icon: {fileID: 0}
  m_NavMeshLayer: 0
  m_StaticEditorFlags: 0
  m_IsActive: 1
--- !u!4 &2164888932157018295
Transform:
  m_ObjectHideFlags: 0
  m_CorrespondingSourceObject: {fileID: 0}
  m_PrefabInstance: {fileID: 0}
  m_PrefabAsset: {fileID: 0}
  m_GameObject: {fileID: 5535303527578132286}
  m_LocalRotation: {x: -2.3283064e-10, y: 0.000000117812306, z: 0.0000000011641533,
    w: 1}
  m_LocalPosition: {x: 0.000000032782555, y: 0.13192207, z: 5.5879357e-10}
  m_LocalScale: {x: 1, y: 1, z: 1}
  m_Children:
  - {fileID: 5139122096142797912}
  - {fileID: 2444814616923840838}
  - {fileID: 8385974682040683446}
  m_Father: {fileID: 832901043536341246}
  m_RootOrder: 2
  m_LocalEulerAnglesHint: {x: 0, y: 0, z: 0}
--- !u!1 &5635445182088625003
GameObject:
  m_ObjectHideFlags: 0
  m_CorrespondingSourceObject: {fileID: 0}
  m_PrefabInstance: {fileID: 0}
  m_PrefabAsset: {fileID: 0}
  serializedVersion: 6
  m_Component:
  - component: {fileID: 4799313189665744308}
  m_Layer: 0
  m_Name: Bone.047
  m_TagString: Untagged
  m_Icon: {fileID: 0}
  m_NavMeshLayer: 0
  m_StaticEditorFlags: 0
  m_IsActive: 1
--- !u!4 &4799313189665744308
Transform:
  m_ObjectHideFlags: 0
  m_CorrespondingSourceObject: {fileID: 0}
  m_PrefabInstance: {fileID: 0}
  m_PrefabAsset: {fileID: 0}
  m_GameObject: {fileID: 5635445182088625003}
  m_LocalRotation: {x: 0.024291174, y: -0.008128745, z: 0.07372686, w: 0.9969495}
  m_LocalPosition: {x: 0.00000011920929, y: 0.03867198, z: 0.000000059604645}
  m_LocalScale: {x: 0.9999999, y: 1, z: 0.9999999}
  m_Children: []
  m_Father: {fileID: 900330409686087314}
  m_RootOrder: 0
  m_LocalEulerAnglesHint: {x: 0, y: 0, z: 0}
--- !u!1 &5762851489358530399
GameObject:
  m_ObjectHideFlags: 0
  m_CorrespondingSourceObject: {fileID: 0}
  m_PrefabInstance: {fileID: 0}
  m_PrefabAsset: {fileID: 0}
  serializedVersion: 6
  m_Component:
  - component: {fileID: 5630064363207603367}
  m_Layer: 0
  m_Name: Bone.042
  m_TagString: Untagged
  m_Icon: {fileID: 0}
  m_NavMeshLayer: 0
  m_StaticEditorFlags: 0
  m_IsActive: 1
--- !u!4 &5630064363207603367
Transform:
  m_ObjectHideFlags: 0
  m_CorrespondingSourceObject: {fileID: 0}
  m_PrefabInstance: {fileID: 0}
  m_PrefabAsset: {fileID: 0}
  m_GameObject: {fileID: 5762851489358530399}
  m_LocalRotation: {x: -0.007167995, y: 0.28873783, z: 0.21837322, w: 0.9321439}
  m_LocalPosition: {x: -0.01763225, y: 0.107766084, z: -0.027686853}
  m_LocalScale: {x: 0.9999999, y: 0.99999994, z: 0.99999994}
  m_Children:
  - {fileID: 150911850216638167}
  m_Father: {fileID: 8754649752916608482}
  m_RootOrder: 1
  m_LocalEulerAnglesHint: {x: 0, y: 0, z: 0}
--- !u!1 &5805570920527036065
GameObject:
  m_ObjectHideFlags: 0
  m_CorrespondingSourceObject: {fileID: 0}
  m_PrefabInstance: {fileID: 0}
  m_PrefabAsset: {fileID: 0}
  serializedVersion: 6
  m_Component:
  - component: {fileID: 2674763520456159630}
  m_Layer: 0
  m_Name: RightForearm
  m_TagString: Untagged
  m_Icon: {fileID: 0}
  m_NavMeshLayer: 0
  m_StaticEditorFlags: 0
  m_IsActive: 1
--- !u!4 &2674763520456159630
Transform:
  m_ObjectHideFlags: 0
  m_CorrespondingSourceObject: {fileID: 0}
  m_PrefabInstance: {fileID: 0}
  m_PrefabAsset: {fileID: 0}
  m_GameObject: {fileID: 5805570920527036065}
  m_LocalRotation: {x: 0.520126, y: -0.07413556, z: 0.10639202, w: 0.8441882}
  m_LocalPosition: {x: -0.000000053644182, y: 0.3252255, z: -0.000000014901161}
  m_LocalScale: {x: 0.9999998, y: 0.9999999, z: 0.99999994}
  m_Children:
  - {fileID: 882861950710669138}
  m_Father: {fileID: 726791362965149193}
  m_RootOrder: 0
  m_LocalEulerAnglesHint: {x: 0, y: 0, z: 0}
--- !u!1 &6176813814349612695
GameObject:
  m_ObjectHideFlags: 0
  m_CorrespondingSourceObject: {fileID: 0}
  m_PrefabInstance: {fileID: 0}
  m_PrefabAsset: {fileID: 0}
  serializedVersion: 6
  m_Component:
  - component: {fileID: 4425855594363722095}
  m_Layer: 0
  m_Name: Bone.059
  m_TagString: Untagged
  m_Icon: {fileID: 0}
  m_NavMeshLayer: 0
  m_StaticEditorFlags: 0
  m_IsActive: 1
--- !u!4 &4425855594363722095
Transform:
  m_ObjectHideFlags: 0
  m_CorrespondingSourceObject: {fileID: 0}
  m_PrefabInstance: {fileID: 0}
  m_PrefabAsset: {fileID: 0}
  m_GameObject: {fileID: 6176813814349612695}
  m_LocalRotation: {x: 0.081592634, y: -0.36460617, z: -0.015958682, w: 0.9274429}
  m_LocalPosition: {x: -0.013594034, y: 0.11201843, z: 0.036763962}
  m_LocalScale: {x: 0.99999994, y: 0.99999994, z: 0.9999999}
  m_Children:
  - {fileID: 1508821944201587570}
  m_Father: {fileID: 882861950710669138}
  m_RootOrder: 3
  m_LocalEulerAnglesHint: {x: 0, y: 0, z: 0}
--- !u!1 &6180163937770019344
GameObject:
  m_ObjectHideFlags: 0
  m_CorrespondingSourceObject: {fileID: 0}
  m_PrefabInstance: {fileID: 0}
  m_PrefabAsset: {fileID: 0}
  serializedVersion: 6
  m_Component:
  - component: {fileID: 7208732652017548022}
  m_Layer: 0
  m_Name: Bone.051
  m_TagString: Untagged
  m_Icon: {fileID: 0}
  m_NavMeshLayer: 0
  m_StaticEditorFlags: 0
  m_IsActive: 1
--- !u!4 &7208732652017548022
Transform:
  m_ObjectHideFlags: 0
  m_CorrespondingSourceObject: {fileID: 0}
  m_PrefabInstance: {fileID: 0}
  m_PrefabAsset: {fileID: 0}
  m_GameObject: {fileID: 6180163937770019344}
  m_LocalRotation: {x: -0.059907705, y: -0.34673005, z: -0.099161975, w: 0.9307826}
  m_LocalPosition: {x: 0.0019851252, y: 0.11163046, z: 0.0036558092}
  m_LocalScale: {x: 1, y: 1, z: 0.99999994}
  m_Children:
  - {fileID: 2017207104355860728}
  m_Father: {fileID: 882861950710669138}
  m_RootOrder: 2
  m_LocalEulerAnglesHint: {x: 0, y: 0, z: 0}
--- !u!1 &6429326861946577925
GameObject:
  m_ObjectHideFlags: 0
  m_CorrespondingSourceObject: {fileID: 0}
  m_PrefabInstance: {fileID: 0}
  m_PrefabAsset: {fileID: 0}
  serializedVersion: 6
  m_Component:
  - component: {fileID: 5996360249082789166}
  m_Layer: 0
  m_Name: Bone.046
  m_TagString: Untagged
  m_Icon: {fileID: 0}
  m_NavMeshLayer: 0
  m_StaticEditorFlags: 0
  m_IsActive: 1
--- !u!4 &5996360249082789166
Transform:
  m_ObjectHideFlags: 0
  m_CorrespondingSourceObject: {fileID: 0}
  m_PrefabInstance: {fileID: 0}
  m_PrefabAsset: {fileID: 0}
  m_GameObject: {fileID: 6429326861946577925}
  m_LocalRotation: {x: 0.024291044, y: 0.008128786, z: -0.07372686, w: 0.9969495}
  m_LocalPosition: {x: 0.000000096112494, y: 0.03867198, z: 0.000000067427756}
  m_LocalScale: {x: 1, y: 1, z: 0.99999994}
  m_Children: []
  m_Father: {fileID: 150911850216638167}
  m_RootOrder: 0
  m_LocalEulerAnglesHint: {x: 0, y: 0, z: 0}
--- !u!1 &6534710054262527295
GameObject:
  m_ObjectHideFlags: 0
  m_CorrespondingSourceObject: {fileID: 0}
  m_PrefabInstance: {fileID: 0}
  m_PrefabAsset: {fileID: 0}
  serializedVersion: 6
  m_Component:
  - component: {fileID: 5294449901448715454}
  m_Layer: 0
  m_Name: Bone.072
  m_TagString: Untagged
  m_Icon: {fileID: 0}
  m_NavMeshLayer: 0
  m_StaticEditorFlags: 0
  m_IsActive: 1
--- !u!4 &5294449901448715454
Transform:
  m_ObjectHideFlags: 0
  m_CorrespondingSourceObject: {fileID: 0}
  m_PrefabInstance: {fileID: 0}
  m_PrefabAsset: {fileID: 0}
  m_GameObject: {fileID: 6534710054262527295}
  m_LocalRotation: {x: 0.046454266, y: -0.010303552, z: -0.0077307364, w: 0.99883735}
  m_LocalPosition: {x: -0.000000059604645, y: 0.026788397, z: -0.00000003576279}
  m_LocalScale: {x: 1, y: 1, z: 0.9999999}
  m_Children: []
  m_Father: {fileID: 2752800837779305568}
  m_RootOrder: 0
  m_LocalEulerAnglesHint: {x: 0, y: 0, z: 0}
--- !u!1 &6670839256874789678
GameObject:
  m_ObjectHideFlags: 0
  m_CorrespondingSourceObject: {fileID: 0}
  m_PrefabInstance: {fileID: 0}
  m_PrefabAsset: {fileID: 0}
  serializedVersion: 6
  m_Component:
  - component: {fileID: 5047513355250032996}
  m_Layer: 0
  m_Name: Armature
  m_TagString: Untagged
  m_Icon: {fileID: 0}
  m_NavMeshLayer: 0
  m_StaticEditorFlags: 0
  m_IsActive: 1
--- !u!4 &5047513355250032996
Transform:
  m_ObjectHideFlags: 0
  m_CorrespondingSourceObject: {fileID: 0}
  m_PrefabInstance: {fileID: 0}
  m_PrefabAsset: {fileID: 0}
  m_GameObject: {fileID: 6670839256874789678}
  m_LocalRotation: {x: -0.7071068, y: 0, z: -0, w: 0.7071067}
  m_LocalPosition: {x: -0, y: 0, z: 0}
  m_LocalScale: {x: 1, y: 1, z: 1}
  m_Children:
  - {fileID: 114150058397740476}
  - {fileID: 5818258632439257585}
  - {fileID: 27767054673181691}
  - {fileID: 1078643407307377559}
  m_Father: {fileID: 4232411637092200954}
  m_RootOrder: 0
  m_LocalEulerAnglesHint: {x: 0, y: 0, z: 0}
--- !u!1 &6939808450851257451
GameObject:
  m_ObjectHideFlags: 0
  m_CorrespondingSourceObject: {fileID: 0}
  m_PrefabInstance: {fileID: 0}
  m_PrefabAsset: {fileID: 0}
  serializedVersion: 6
  m_Component:
  - component: {fileID: 3367211872240604076}
  m_Layer: 0
  m_Name: Bone.021
  m_TagString: Untagged
  m_Icon: {fileID: 0}
  m_NavMeshLayer: 0
  m_StaticEditorFlags: 0
  m_IsActive: 1
--- !u!4 &3367211872240604076
Transform:
  m_ObjectHideFlags: 0
  m_CorrespondingSourceObject: {fileID: 0}
  m_PrefabInstance: {fileID: 0}
  m_PrefabAsset: {fileID: 0}
  m_GameObject: {fileID: 6939808450851257451}
  m_LocalRotation: {x: 0.77911687, y: -0.010955536, z: 0.0014415882, w: 0.62678134}
  m_LocalPosition: {x: -0.000000022351742, y: 0.07432859, z: -0.0244115}
  m_LocalScale: {x: 1, y: 1.0000001, z: 1}
  m_Children: []
  m_Father: {fileID: 8352561696638634932}
  m_RootOrder: 4
  m_LocalEulerAnglesHint: {x: 0, y: 0, z: 0}
--- !u!1 &7099008006833601876
GameObject:
  m_ObjectHideFlags: 0
  m_CorrespondingSourceObject: {fileID: 0}
  m_PrefabInstance: {fileID: 0}
  m_PrefabAsset: {fileID: 0}
  serializedVersion: 6
  m_Component:
  - component: {fileID: 6540707360134043344}
  m_Layer: 0
  m_Name: MidSpine
  m_TagString: Untagged
  m_Icon: {fileID: 0}
  m_NavMeshLayer: 0
  m_StaticEditorFlags: 0
  m_IsActive: 1
--- !u!4 &6540707360134043344
Transform:
  m_ObjectHideFlags: 0
  m_CorrespondingSourceObject: {fileID: 0}
  m_PrefabInstance: {fileID: 0}
  m_PrefabAsset: {fileID: 0}
  m_GameObject: {fileID: 7099008006833601876}
  m_LocalRotation: {x: -0.145716, y: 0.011523013, z: -0.021605758, w: 0.98902345}
  m_LocalPosition: {x: -0, y: 0.10000006, z: 0.000000020861625}
  m_LocalScale: {x: 1, y: 1, z: 0.99999994}
  m_Children:
  - {fileID: 832901043536341246}
  m_Father: {fileID: 5818258632439257585}
  m_RootOrder: 2
  m_LocalEulerAnglesHint: {x: 0, y: 0, z: 0}
--- !u!1 &7309140171448870544
GameObject:
  m_ObjectHideFlags: 0
  m_CorrespondingSourceObject: {fileID: 0}
  m_PrefabInstance: {fileID: 0}
  m_PrefabAsset: {fileID: 0}
  serializedVersion: 6
  m_Component:
  - component: {fileID: 1794831868440801532}
  m_Layer: 0
  m_Name: Bone.066
  m_TagString: Untagged
  m_Icon: {fileID: 0}
  m_NavMeshLayer: 0
  m_StaticEditorFlags: 0
  m_IsActive: 1
--- !u!4 &1794831868440801532
Transform:
  m_ObjectHideFlags: 0
  m_CorrespondingSourceObject: {fileID: 0}
  m_PrefabInstance: {fileID: 0}
  m_PrefabAsset: {fileID: 0}
  m_GameObject: {fileID: 7309140171448870544}
  m_LocalRotation: {x: 0.35239035, y: 0.45184496, z: 0.17700963, w: 0.80020297}
  m_LocalPosition: {x: 0.00832861, y: 0.06719484, z: 0.07659513}
  m_LocalScale: {x: 0.99999994, y: 0.99999994, z: 0.9999998}
  m_Children:
  - {fileID: 7760862760061691542}
  m_Father: {fileID: 8754649752916608482}
  m_RootOrder: 4
  m_LocalEulerAnglesHint: {x: 0, y: 0, z: 0}
--- !u!1 &7360458952133439955
GameObject:
  m_ObjectHideFlags: 0
  m_CorrespondingSourceObject: {fileID: 0}
  m_PrefabInstance: {fileID: 0}
  m_PrefabAsset: {fileID: 0}
  serializedVersion: 6
  m_Component:
  - component: {fileID: 8341718958090285805}
  m_Layer: 0
  m_Name: Bone.026
  m_TagString: Untagged
  m_Icon: {fileID: 0}
  m_NavMeshLayer: 0
  m_StaticEditorFlags: 0
  m_IsActive: 1
--- !u!4 &8341718958090285805
Transform:
  m_ObjectHideFlags: 0
  m_CorrespondingSourceObject: {fileID: 0}
  m_PrefabInstance: {fileID: 0}
  m_PrefabAsset: {fileID: 0}
  m_GameObject: {fileID: 7360458952133439955}
  m_LocalRotation: {x: 0.38616696, y: -0.32753366, z: -0.36481598, w: 0.7813489}
  m_LocalPosition: {x: 0.035167914, y: 0.16365464, z: 0.06832398}
  m_LocalScale: {x: 1.0000001, y: 1.0000001, z: 1.0000001}
  m_Children: []
  m_Father: {fileID: 8352561696638634932}
  m_RootOrder: 9
  m_LocalEulerAnglesHint: {x: 0, y: 0, z: 0}
--- !u!1 &7545276838743903331
GameObject:
  m_ObjectHideFlags: 0
  m_CorrespondingSourceObject: {fileID: 0}
  m_PrefabInstance: {fileID: 0}
  m_PrefabAsset: {fileID: 0}
  serializedVersion: 6
  m_Component:
  - component: {fileID: 3912804006814857459}
  m_Layer: 0
  m_Name: LeftFoot
  m_TagString: Untagged
  m_Icon: {fileID: 0}
  m_NavMeshLayer: 0
  m_StaticEditorFlags: 0
  m_IsActive: 1
--- !u!4 &3912804006814857459
Transform:
  m_ObjectHideFlags: 0
  m_CorrespondingSourceObject: {fileID: 0}
  m_PrefabInstance: {fileID: 0}
  m_PrefabAsset: {fileID: 0}
  m_GameObject: {fileID: 7545276838743903331}
  m_LocalRotation: {x: -0.05051325, y: -0.049040925, z: 0.66734546, w: 0.7414131}
  m_LocalPosition: {x: 0.000000010803342, y: 0.4942897, z: 0.00000001564622}
  m_LocalScale: {x: 1, y: 1, z: 1}
  m_Children: []
  m_Father: {fileID: 5669975180433925382}
  m_RootOrder: 0
  m_LocalEulerAnglesHint: {x: 0, y: 0, z: 0}
--- !u!1 &7548371766846702679
GameObject:
  m_ObjectHideFlags: 0
  m_CorrespondingSourceObject: {fileID: 0}
  m_PrefabInstance: {fileID: 0}
  m_PrefabAsset: {fileID: 0}
  serializedVersion: 6
  m_Component:
  - component: {fileID: 2017207104355860728}
  m_Layer: 0
  m_Name: Bone.053
  m_TagString: Untagged
  m_Icon: {fileID: 0}
  m_NavMeshLayer: 0
  m_StaticEditorFlags: 0
  m_IsActive: 1
--- !u!4 &2017207104355860728
Transform:
  m_ObjectHideFlags: 0
  m_CorrespondingSourceObject: {fileID: 0}
  m_PrefabInstance: {fileID: 0}
  m_PrefabAsset: {fileID: 0}
  m_GameObject: {fileID: 7548371766846702679}
  m_LocalRotation: {x: 0.0803938, y: -0.010485127, z: -0.07084505, w: 0.99418706}
  m_LocalPosition: {x: 0.000000059604645, y: 0.044342365, z: 0.000000053644182}
  m_LocalScale: {x: 1, y: 1.0000001, z: 0.9999999}
  m_Children:
  - {fileID: 308158161056728327}
  m_Father: {fileID: 7208732652017548022}
  m_RootOrder: 0
  m_LocalEulerAnglesHint: {x: 0, y: 0, z: 0}
--- !u!1 &7554095631982298413
GameObject:
  m_ObjectHideFlags: 0
  m_CorrespondingSourceObject: {fileID: 0}
  m_PrefabInstance: {fileID: 0}
  m_PrefabAsset: {fileID: 0}
  serializedVersion: 6
  m_Component:
  - component: {fileID: 1308907544947766217}
  m_Layer: 0
  m_Name: Bone.058
  m_TagString: Untagged
  m_Icon: {fileID: 0}
  m_NavMeshLayer: 0
  m_StaticEditorFlags: 0
  m_IsActive: 1
--- !u!4 &1308907544947766217
Transform:
  m_ObjectHideFlags: 0
  m_CorrespondingSourceObject: {fileID: 0}
  m_PrefabInstance: {fileID: 0}
  m_PrefabAsset: {fileID: 0}
  m_GameObject: {fileID: 7554095631982298413}
  m_LocalRotation: {x: 0.18969728, y: 0.23353201, z: 0.16076837, w: 0.9400166}
  m_LocalPosition: {x: 0.014629777, y: 0.112406686, z: 0.036090534}
  m_LocalScale: {x: 0.99999994, y: 1, z: 0.9999998}
  m_Children:
  - {fileID: 5107657503368997692}
  m_Father: {fileID: 8754649752916608482}
  m_RootOrder: 3
  m_LocalEulerAnglesHint: {x: 0, y: 0, z: 0}
--- !u!1 &7593727876097912043
GameObject:
  m_ObjectHideFlags: 0
  m_CorrespondingSourceObject: {fileID: 0}
  m_PrefabInstance: {fileID: 0}
  m_PrefabAsset: {fileID: 0}
  serializedVersion: 6
  m_Component:
  - component: {fileID: 937576113849746019}
  - component: {fileID: 6215512406885430750}
  m_Layer: 0
  m_Name: CharA
  m_TagString: Untagged
  m_Icon: {fileID: 0}
  m_NavMeshLayer: 0
  m_StaticEditorFlags: 0
  m_IsActive: 1
--- !u!4 &937576113849746019
Transform:
  m_ObjectHideFlags: 0
  m_CorrespondingSourceObject: {fileID: 0}
  m_PrefabInstance: {fileID: 0}
  m_PrefabAsset: {fileID: 0}
  m_GameObject: {fileID: 7593727876097912043}
  m_LocalRotation: {x: 0.7071068, y: 0, z: -0, w: 0.7071067}
  m_LocalPosition: {x: -0, y: 0, z: 0}
  m_LocalScale: {x: 1, y: 1, z: 1}
  m_Children: []
  m_Father: {fileID: 4232411637092200954}
  m_RootOrder: 1
  m_LocalEulerAnglesHint: {x: 0, y: 0, z: 0}
--- !u!137 &6215512406885430750
SkinnedMeshRenderer:
  m_ObjectHideFlags: 0
  m_CorrespondingSourceObject: {fileID: 0}
  m_PrefabInstance: {fileID: 0}
  m_PrefabAsset: {fileID: 0}
  m_GameObject: {fileID: 7593727876097912043}
  m_Enabled: 1
  m_CastShadows: 1
  m_ReceiveShadows: 1
  m_DynamicOccludee: 1
  m_MotionVectors: 1
  m_LightProbeUsage: 1
  m_ReflectionProbeUsage: 1
  m_RayTracingMode: 0
  m_RenderingLayerMask: 1
  m_RendererPriority: 0
  m_Materials:
  - {fileID: 2100000, guid: 73c176f402d2c2f4d929aa5da7585d17, type: 2}
  m_StaticBatchInfo:
    firstSubMesh: 0
    subMeshCount: 0
  m_StaticBatchRoot: {fileID: 0}
  m_ProbeAnchor: {fileID: 0}
  m_LightProbeVolumeOverride: {fileID: 0}
  m_ScaleInLightmap: 1
  m_ReceiveGI: 1
  m_PreserveUVs: 0
  m_IgnoreNormalsForChartDetection: 0
  m_ImportantGI: 0
  m_StitchLightmapSeams: 1
  m_SelectedEditorRenderState: 3
  m_MinimumChartSize: 4
  m_AutoUVMaxDistance: 0.5
  m_AutoUVMaxAngle: 89
  m_LightmapParameters: {fileID: 0}
  m_SortingLayerID: 0
  m_SortingLayer: 0
  m_SortingOrder: 0
  serializedVersion: 2
  m_Quality: 0
  m_UpdateWhenOffscreen: 0
  m_SkinnedMotionVectors: 1
  m_Mesh: {fileID: -6530452814570658368, guid: 7a686ebd5fe804b53bb0a6d30eb21cee, type: 3}
  m_Bones:
  - {fileID: 1078643407307377559}
  - {fileID: 5818258632439257585}
  - {fileID: 6540707360134043344}
  - {fileID: 832901043536341246}
  - {fileID: 2164888932157018295}
  - {fileID: 2444814616923840838}
  - {fileID: 8352561696638634932}
  - {fileID: 6725715932006871348}
  - {fileID: 8862316002424112682}
  - {fileID: 6275249899143253163}
  - {fileID: 6177765261399028845}
  - {fileID: 3977161654337013304}
  - {fileID: 1776061634192475197}
  - {fileID: 3590613535837516378}
  - {fileID: 4117408951804318769}
  - {fileID: 8341718958090285805}
  - {fileID: 3367211872240604076}
  - {fileID: 6725124933675624527}
  - {fileID: 5139122096142797912}
  - {fileID: 8748059695042410604}
  - {fileID: 1728882916903553973}
  - {fileID: 8754649752916608482}
  - {fileID: 2786765401488540001}
  - {fileID: 5202895374767567961}
  - {fileID: 6962750376803213353}
  - {fileID: 5630064363207603367}
  - {fileID: 150911850216638167}
  - {fileID: 5996360249082789166}
  - {fileID: 7895474588146650075}
  - {fileID: 8451690260919506138}
  - {fileID: 4886672311533252312}
  - {fileID: 1308907544947766217}
  - {fileID: 5107657503368997692}
  - {fileID: 3148018928496248089}
  - {fileID: 1794831868440801532}
  - {fileID: 7760862760061691542}
  - {fileID: 8385974682040683446}
  - {fileID: 726791362965149193}
  - {fileID: 2674763520456159630}
  - {fileID: 882861950710669138}
  - {fileID: 962837599368761871}
  - {fileID: 2752800837779305568}
  - {fileID: 5294449901448715454}
  - {fileID: 3955279319726199810}
  - {fileID: 900330409686087314}
  - {fileID: 4799313189665744308}
  - {fileID: 7208732652017548022}
  - {fileID: 2017207104355860728}
  - {fileID: 308158161056728327}
  - {fileID: 4425855594363722095}
  - {fileID: 1508821944201587570}
  - {fileID: 6148882764753730316}
  - {fileID: 6657121545951861092}
  - {fileID: 3926832357232748478}
  - {fileID: 7583606313863817035}
  - {fileID: 5410139210913470890}
  - {fileID: 5651462410756433038}
  - {fileID: 8295118004192314809}
  - {fileID: 114150058397740476}
  - {fileID: 1262352766459346069}
  - {fileID: 5669975180433925382}
  - {fileID: 3912804006814857459}
  - {fileID: 27767054673181691}
  - {fileID: 8832017857302575018}
  - {fileID: 630629585758544911}
  - {fileID: 305189077312238786}
  m_BlendShapeWeights: []
  m_RootBone: {fileID: 5818258632439257585}
  m_AABB:
    m_Center: {x: -0.031946033, y: -0.025045007, z: 0.15170386}
    m_Extent: {x: 0.47311726, y: 0.8960078, z: 0.39232978}
  m_DirtyAABB: 0
--- !u!1 &7718570466896680760
GameObject:
  m_ObjectHideFlags: 0
  m_CorrespondingSourceObject: {fileID: 0}
  m_PrefabInstance: {fileID: 0}
  m_PrefabAsset: {fileID: 0}
  serializedVersion: 6
  m_Component:
  - component: {fileID: 6725124933675624527}
  m_Layer: 0
  m_Name: Bone.022
  m_TagString: Untagged
  m_Icon: {fileID: 0}
  m_NavMeshLayer: 0
  m_StaticEditorFlags: 0
  m_IsActive: 1
--- !u!4 &6725124933675624527
Transform:
  m_ObjectHideFlags: 0
  m_CorrespondingSourceObject: {fileID: 0}
  m_PrefabInstance: {fileID: 0}
  m_PrefabAsset: {fileID: 0}
  m_GameObject: {fileID: 7718570466896680760}
  m_LocalRotation: {x: 0.70086116, y: -0.00000026831268, z: -0.0000004197689, w: 0.7132977}
  m_LocalPosition: {x: 0.000000017881394, y: 0.10040567, z: -0.020106116}
  m_LocalScale: {x: 1, y: 0.9999999, z: 0.99999994}
  m_Children: []
  m_Father: {fileID: 8352561696638634932}
  m_RootOrder: 5
  m_LocalEulerAnglesHint: {x: 0, y: 0, z: 0}
--- !u!1 &7903159329292628370
GameObject:
  m_ObjectHideFlags: 0
  m_CorrespondingSourceObject: {fileID: 0}
  m_PrefabInstance: {fileID: 0}
  m_PrefabAsset: {fileID: 0}
  serializedVersion: 6
  m_Component:
  - component: {fileID: 4117408951804318769}
  m_Layer: 0
  m_Name: Bone.025
  m_TagString: Untagged
  m_Icon: {fileID: 0}
  m_NavMeshLayer: 0
  m_StaticEditorFlags: 0
  m_IsActive: 1
--- !u!4 &4117408951804318769
Transform:
  m_ObjectHideFlags: 0
  m_CorrespondingSourceObject: {fileID: 0}
  m_PrefabInstance: {fileID: 0}
  m_PrefabAsset: {fileID: 0}
  m_GameObject: {fileID: 7903159329292628370}
  m_LocalRotation: {x: 0.38616702, y: 0.32753366, z: 0.36481577, w: 0.78134894}
  m_LocalPosition: {x: -0.03516785, y: 0.16365455, z: 0.068324044}
  m_LocalScale: {x: 0.9999999, y: 0.9999999, z: 1}
  m_Children: []
  m_Father: {fileID: 8352561696638634932}
  m_RootOrder: 8
  m_LocalEulerAnglesHint: {x: 0, y: 0, z: 0}
--- !u!1 &8127075092319134737
GameObject:
  m_ObjectHideFlags: 0
  m_CorrespondingSourceObject: {fileID: 0}
  m_PrefabInstance: {fileID: 0}
  m_PrefabAsset: {fileID: 0}
  serializedVersion: 6
  m_Component:
  - component: {fileID: 8754649752916608482}
  m_Layer: 0
  m_Name: LeftForearm.001
  m_TagString: Untagged
  m_Icon: {fileID: 0}
  m_NavMeshLayer: 0
  m_StaticEditorFlags: 0
  m_IsActive: 1
--- !u!4 &8754649752916608482
Transform:
  m_ObjectHideFlags: 0
  m_CorrespondingSourceObject: {fileID: 0}
  m_PrefabInstance: {fileID: 0}
  m_PrefabAsset: {fileID: 0}
  m_GameObject: {fileID: 8127075092319134737}
  m_LocalRotation: {x: 0.030225445, y: -0.37784472, z: -0.22993822, w: 0.8963527}
  m_LocalPosition: {x: 0.000000056624412, y: 0.30564722, z: 0.00000022500754}
  m_LocalScale: {x: 0.99999994, y: 1.0000001, z: 0.99999994}
  m_Children:
  - {fileID: 2786765401488540001}
  - {fileID: 5630064363207603367}
  - {fileID: 7895474588146650075}
  - {fileID: 1308907544947766217}
  - {fileID: 1794831868440801532}
  m_Father: {fileID: 1728882916903553973}
  m_RootOrder: 0
  m_LocalEulerAnglesHint: {x: 0, y: 0, z: 0}
--- !u!1 &8378012627384737481
GameObject:
  m_ObjectHideFlags: 0
  m_CorrespondingSourceObject: {fileID: 0}
  m_PrefabInstance: {fileID: 0}
  m_PrefabAsset: {fileID: 0}
  serializedVersion: 6
  m_Component:
  - component: {fileID: 8832017857302575018}
  m_Layer: 0
  m_Name: RightThigh
  m_TagString: Untagged
  m_Icon: {fileID: 0}
  m_NavMeshLayer: 0
  m_StaticEditorFlags: 0
  m_IsActive: 1
--- !u!4 &8832017857302575018
Transform:
  m_ObjectHideFlags: 0
  m_CorrespondingSourceObject: {fileID: 0}
  m_PrefabInstance: {fileID: 0}
  m_PrefabAsset: {fileID: 0}
  m_GameObject: {fileID: 8378012627384737481}
  m_LocalRotation: {x: -0.40625253, y: -0.3740914, z: -0.51903653, w: 0.6523922}
  m_LocalPosition: {x: 7.4505807e-10, y: 0.10788343, z: 0.00000000782311}
  m_LocalScale: {x: 1.0000001, y: 1.0000002, z: 1}
  m_Children:
  - {fileID: 630629585758544911}
  m_Father: {fileID: 27767054673181691}
  m_RootOrder: 0
  m_LocalEulerAnglesHint: {x: 0, y: 0, z: 0}
--- !u!1 &8487925646480942615
GameObject:
  m_ObjectHideFlags: 0
  m_CorrespondingSourceObject: {fileID: 0}
  m_PrefabInstance: {fileID: 0}
  m_PrefabAsset: {fileID: 0}
  serializedVersion: 6
  m_Component:
  - component: {fileID: 5818258632439257585}
  m_Layer: 0
  m_Name: LowerSpine
  m_TagString: Untagged
  m_Icon: {fileID: 0}
  m_NavMeshLayer: 0
  m_StaticEditorFlags: 0
  m_IsActive: 1
--- !u!4 &5818258632439257585
Transform:
  m_ObjectHideFlags: 0
  m_CorrespondingSourceObject: {fileID: 0}
  m_PrefabInstance: {fileID: 0}
  m_PrefabAsset: {fileID: 0}
  m_GameObject: {fileID: 8487925646480942615}
  m_LocalRotation: {x: 0.47338614, y: -0, z: -0, w: 0.880855}
  m_LocalPosition: {x: -0, y: 0, z: 1.0247586}
  m_LocalScale: {x: 1, y: 1, z: 1}
  m_Children:
  - {fileID: 5651462410756433038}
  - {fileID: 8295118004192314809}
  - {fileID: 6540707360134043344}
  m_Father: {fileID: 5047513355250032996}
  m_RootOrder: 1
  m_LocalEulerAnglesHint: {x: 0, y: 0, z: 0}
--- !u!1 &8527728561513797900
GameObject:
  m_ObjectHideFlags: 0
  m_CorrespondingSourceObject: {fileID: 0}
  m_PrefabInstance: {fileID: 0}
  m_PrefabAsset: {fileID: 0}
  serializedVersion: 6
  m_Component:
  - component: {fileID: 2231084751487517709}
  - component: {fileID: 899442672506579698}
  m_Layer: 0
  m_Name: CharD
  m_TagString: Untagged
  m_Icon: {fileID: 0}
  m_NavMeshLayer: 0
  m_StaticEditorFlags: 0
  m_IsActive: 1
--- !u!4 &2231084751487517709
Transform:
  m_ObjectHideFlags: 0
  m_CorrespondingSourceObject: {fileID: 0}
  m_PrefabInstance: {fileID: 0}
  m_PrefabAsset: {fileID: 0}
  m_GameObject: {fileID: 8527728561513797900}
  m_LocalRotation: {x: 0.7071068, y: 0, z: -0, w: 0.7071067}
  m_LocalPosition: {x: -0, y: 0, z: 0}
  m_LocalScale: {x: 1, y: 1, z: 1}
  m_Children: []
  m_Father: {fileID: 4232411637092200954}
  m_RootOrder: 4
  m_LocalEulerAnglesHint: {x: 0, y: 0, z: 0}
--- !u!137 &899442672506579698
SkinnedMeshRenderer:
  m_ObjectHideFlags: 0
  m_CorrespondingSourceObject: {fileID: 0}
  m_PrefabInstance: {fileID: 0}
  m_PrefabAsset: {fileID: 0}
  m_GameObject: {fileID: 8527728561513797900}
  m_Enabled: 1
  m_CastShadows: 1
  m_ReceiveShadows: 1
  m_DynamicOccludee: 1
  m_MotionVectors: 1
  m_LightProbeUsage: 1
  m_ReflectionProbeUsage: 1
  m_RayTracingMode: 0
  m_RenderingLayerMask: 1
  m_RendererPriority: 0
  m_Materials:
  - {fileID: 2100000, guid: 73c176f402d2c2f4d929aa5da7585d17, type: 2}
  m_StaticBatchInfo:
    firstSubMesh: 0
    subMeshCount: 0
  m_StaticBatchRoot: {fileID: 0}
  m_ProbeAnchor: {fileID: 0}
  m_LightProbeVolumeOverride: {fileID: 0}
  m_ScaleInLightmap: 1
  m_ReceiveGI: 1
  m_PreserveUVs: 0
  m_IgnoreNormalsForChartDetection: 0
  m_ImportantGI: 0
  m_StitchLightmapSeams: 1
  m_SelectedEditorRenderState: 3
  m_MinimumChartSize: 4
  m_AutoUVMaxDistance: 0.5
  m_AutoUVMaxAngle: 89
  m_LightmapParameters: {fileID: 0}
  m_SortingLayerID: 0
  m_SortingLayer: 0
  m_SortingOrder: 0
  serializedVersion: 2
  m_Quality: 0
  m_UpdateWhenOffscreen: 0
  m_SkinnedMotionVectors: 1
  m_Mesh: {fileID: -5626742527066236253, guid: 7a686ebd5fe804b53bb0a6d30eb21cee, type: 3}
  m_Bones:
  - {fileID: 1078643407307377559}
  - {fileID: 5818258632439257585}
  - {fileID: 6540707360134043344}
  - {fileID: 832901043536341246}
  - {fileID: 2164888932157018295}
  - {fileID: 2444814616923840838}
  - {fileID: 8352561696638634932}
  - {fileID: 6725715932006871348}
  - {fileID: 8862316002424112682}
  - {fileID: 6275249899143253163}
  - {fileID: 6177765261399028845}
  - {fileID: 3977161654337013304}
  - {fileID: 1776061634192475197}
  - {fileID: 3590613535837516378}
  - {fileID: 4117408951804318769}
  - {fileID: 8341718958090285805}
  - {fileID: 3367211872240604076}
  - {fileID: 6725124933675624527}
  - {fileID: 5139122096142797912}
  - {fileID: 8748059695042410604}
  - {fileID: 1728882916903553973}
  - {fileID: 8754649752916608482}
  - {fileID: 2786765401488540001}
  - {fileID: 5202895374767567961}
  - {fileID: 6962750376803213353}
  - {fileID: 5630064363207603367}
  - {fileID: 150911850216638167}
  - {fileID: 5996360249082789166}
  - {fileID: 7895474588146650075}
  - {fileID: 8451690260919506138}
  - {fileID: 4886672311533252312}
  - {fileID: 1308907544947766217}
  - {fileID: 5107657503368997692}
  - {fileID: 3148018928496248089}
  - {fileID: 1794831868440801532}
  - {fileID: 7760862760061691542}
  - {fileID: 8385974682040683446}
  - {fileID: 726791362965149193}
  - {fileID: 2674763520456159630}
  - {fileID: 882861950710669138}
  - {fileID: 962837599368761871}
  - {fileID: 2752800837779305568}
  - {fileID: 5294449901448715454}
  - {fileID: 3955279319726199810}
  - {fileID: 900330409686087314}
  - {fileID: 4799313189665744308}
  - {fileID: 7208732652017548022}
  - {fileID: 2017207104355860728}
  - {fileID: 308158161056728327}
  - {fileID: 4425855594363722095}
  - {fileID: 1508821944201587570}
  - {fileID: 6148882764753730316}
  - {fileID: 6657121545951861092}
  - {fileID: 3926832357232748478}
  - {fileID: 7583606313863817035}
  - {fileID: 5410139210913470890}
  - {fileID: 5651462410756433038}
  - {fileID: 8295118004192314809}
  - {fileID: 114150058397740476}
  - {fileID: 1262352766459346069}
  - {fileID: 5669975180433925382}
  - {fileID: 3912804006814857459}
  - {fileID: 27767054673181691}
  - {fileID: 8832017857302575018}
  - {fileID: 630629585758544911}
  - {fileID: 305189077312238786}
  m_BlendShapeWeights: []
  m_RootBone: {fileID: 5818258632439257585}
  m_AABB:
    m_Center: {x: -0.031946033, y: -0.056657374, z: 0.14580518}
    m_Extent: {x: 0.47311726, y: 0.84766585, z: 0.3864311}
  m_DirtyAABB: 0
--- !u!1 &8558903615125723160
GameObject:
  m_ObjectHideFlags: 0
  m_CorrespondingSourceObject: {fileID: 0}
  m_PrefabInstance: {fileID: 0}
  m_PrefabAsset: {fileID: 0}
  serializedVersion: 6
  m_Component:
  - component: {fileID: 6177765261399028845}
  m_Layer: 0
  m_Name: Bone.019
  m_TagString: Untagged
  m_Icon: {fileID: 0}
  m_NavMeshLayer: 0
  m_StaticEditorFlags: 0
  m_IsActive: 1
--- !u!4 &6177765261399028845
Transform:
  m_ObjectHideFlags: 0
  m_CorrespondingSourceObject: {fileID: 0}
  m_PrefabInstance: {fileID: 0}
  m_PrefabAsset: {fileID: 0}
  m_GameObject: {fileID: 8558903615125723160}
  m_LocalRotation: {x: 0.076365374, y: 0.05661108, z: 0.5981119, w: 0.7957548}
  m_LocalPosition: {x: -0.000000007450581, y: 0.09494515, z: 0.00000007599592}
  m_LocalScale: {x: 0.9999999, y: 0.99999994, z: 1}
  m_Children: []
  m_Father: {fileID: 8352561696638634932}
  m_RootOrder: 2
  m_LocalEulerAnglesHint: {x: 0, y: 0, z: 0}
--- !u!1 &8608248106263107684
GameObject:
  m_ObjectHideFlags: 0
  m_CorrespondingSourceObject: {fileID: 0}
  m_PrefabInstance: {fileID: 0}
  m_PrefabAsset: {fileID: 0}
  serializedVersion: 6
  m_Component:
  - component: {fileID: 8451690260919506138}
  m_Layer: 0
  m_Name: Bone.052
  m_TagString: Untagged
  m_Icon: {fileID: 0}
  m_NavMeshLayer: 0
  m_StaticEditorFlags: 0
  m_IsActive: 1
--- !u!4 &8451690260919506138
Transform:
  m_ObjectHideFlags: 0
  m_CorrespondingSourceObject: {fileID: 0}
  m_PrefabInstance: {fileID: 0}
  m_PrefabAsset: {fileID: 0}
  m_GameObject: {fileID: 8608248106263107684}
  m_LocalRotation: {x: 0.07070718, y: -0.026286284, z: 0.23823358, w: 0.9682739}
  m_LocalPosition: {x: 0.00000009797514, y: 0.045273464, z: -0.00000008605421}
  m_LocalScale: {x: 0.9999999, y: 1, z: 0.99999994}
  m_Children:
  - {fileID: 4886672311533252312}
  m_Father: {fileID: 7895474588146650075}
  m_RootOrder: 0
  m_LocalEulerAnglesHint: {x: 0, y: 0, z: 0}
--- !u!1 &8736940430197412127
GameObject:
  m_ObjectHideFlags: 0
  m_CorrespondingSourceObject: {fileID: 0}
  m_PrefabInstance: {fileID: 0}
  m_PrefabAsset: {fileID: 0}
  serializedVersion: 6
  m_Component:
  - component: {fileID: 2786765401488540001}
  m_Layer: 0
  m_Name: Bone.038
  m_TagString: Untagged
  m_Icon: {fileID: 0}
  m_NavMeshLayer: 0
  m_StaticEditorFlags: 0
  m_IsActive: 1
--- !u!4 &2786765401488540001
Transform:
  m_ObjectHideFlags: 0
  m_CorrespondingSourceObject: {fileID: 0}
  m_PrefabInstance: {fileID: 0}
  m_PrefabAsset: {fileID: 0}
  m_GameObject: {fileID: 8736940430197412127}
  m_LocalRotation: {x: -0.24584775, y: 0.32554996, z: 0.15613541, w: 0.8995543}
  m_LocalPosition: {x: -0.029775305, y: 0.08706692, z: -0.03037411}
  m_LocalScale: {x: 0.99999994, y: 1, z: 0.9999999}
  m_Children:
  - {fileID: 5202895374767567961}
  m_Father: {fileID: 8754649752916608482}
  m_RootOrder: 0
  m_LocalEulerAnglesHint: {x: 0, y: 0, z: 0}
--- !u!1 &8879772909634322079
GameObject:
  m_ObjectHideFlags: 0
  m_CorrespondingSourceObject: {fileID: 0}
  m_PrefabInstance: {fileID: 0}
  m_PrefabAsset: {fileID: 0}
  serializedVersion: 6
  m_Component:
  - component: {fileID: 1262352766459346069}
  m_Layer: 0
  m_Name: LeftThigh
  m_TagString: Untagged
  m_Icon: {fileID: 0}
  m_NavMeshLayer: 0
  m_StaticEditorFlags: 0
  m_IsActive: 1
--- !u!4 &1262352766459346069
Transform:
  m_ObjectHideFlags: 0
  m_CorrespondingSourceObject: {fileID: 0}
  m_PrefabInstance: {fileID: 0}
  m_PrefabAsset: {fileID: 0}
  m_GameObject: {fileID: 8879772909634322079}
  m_LocalRotation: {x: -0.37036666, y: 0.39484254, z: 0.5029116, w: 0.6738011}
  m_LocalPosition: {x: -7.4505807e-10, y: 0.10788343, z: 0.00000000782311}
  m_LocalScale: {x: 1.0000001, y: 1.0000001, z: 1}
  m_Children:
  - {fileID: 5669975180433925382}
  m_Father: {fileID: 114150058397740476}
  m_RootOrder: 0
  m_LocalEulerAnglesHint: {x: 0, y: 0, z: 0}
--- !u!1 &9019042030688908884
GameObject:
  m_ObjectHideFlags: 0
  m_CorrespondingSourceObject: {fileID: 0}
  m_PrefabInstance: {fileID: 0}
  m_PrefabAsset: {fileID: 0}
  serializedVersion: 6
  m_Component:
  - component: {fileID: 305189077312238786}
  m_Layer: 0
  m_Name: RightFoot
  m_TagString: Untagged
  m_Icon: {fileID: 0}
  m_NavMeshLayer: 0
  m_StaticEditorFlags: 0
  m_IsActive: 1
--- !u!4 &305189077312238786
Transform:
  m_ObjectHideFlags: 0
  m_CorrespondingSourceObject: {fileID: 0}
  m_PrefabInstance: {fileID: 0}
  m_PrefabAsset: {fileID: 0}
  m_GameObject: {fileID: 9019042030688908884}
  m_LocalRotation: {x: -0.05051301, y: 0.049041077, z: -0.6673455, w: 0.74141306}
  m_LocalPosition: {x: 0.000000017881394, y: 0.49428985, z: 0.000000026822091}
  m_LocalScale: {x: 1.0000001, y: 1.0000001, z: 1.0000001}
  m_Children: []
  m_Father: {fileID: 630629585758544911}
  m_RootOrder: 0
  m_LocalEulerAnglesHint: {x: 0, y: 0, z: 0}
--- !u!1 &9115974247311496308
GameObject:
  m_ObjectHideFlags: 0
  m_CorrespondingSourceObject: {fileID: 0}
  m_PrefabInstance: {fileID: 0}
  m_PrefabAsset: {fileID: 0}
  serializedVersion: 6
  m_Component:
  - component: {fileID: 630629585758544911}
  m_Layer: 0
  m_Name: RightShin
  m_TagString: Untagged
  m_Icon: {fileID: 0}
  m_NavMeshLayer: 0
  m_StaticEditorFlags: 0
  m_IsActive: 1
--- !u!4 &630629585758544911
Transform:
  m_ObjectHideFlags: 0
  m_CorrespondingSourceObject: {fileID: 0}
  m_PrefabInstance: {fileID: 0}
  m_PrefabAsset: {fileID: 0}
  m_GameObject: {fileID: 9115974247311496308}
  m_LocalRotation: {x: -0.021383815, y: 0.071919404, z: 0.73201877, w: 0.67714024}
  m_LocalPosition: {x: 0.0000000022351743, y: 0.40738598, z: -0.0000000013969839}
  m_LocalScale: {x: 1.0000001, y: 1.0000001, z: 1}
  m_Children:
  - {fileID: 305189077312238786}
  m_Father: {fileID: 8832017857302575018}
  m_RootOrder: 0
  m_LocalEulerAnglesHint: {x: 0, y: 0, z: 0}
